2900 4829
499 417 714 508 An
813 352 1852 555 an‘ro'REM..

261 615 767 730 deperditam
817 613 1214 700 Hebraeae
1265 611 1611 727 Linguae
1643 556 2023 716 „indolem

265 723 604 820 studiose
634 728 1067 841 inquirere.

372 926 802 1012 Praevideo
838 923 1268 1038 equidem,
1330 955 1492 1010 non
1538 929 1906 1013 omnibus
1933 959 2036 1014 ae·

323 1064 422 1125 ue
480 1040 890 1153 placitura
910 1091 972 1149 θ·
1030 1062 1216 1152 quae
1284 1040 1389 1124 ad
1441 1039 1662 1126 hunc
1702 1043 2068 1128 illumve

319 1215 344 1240 .
386 1153 741 1237 Codicis'
777 1152 1052 1235 locum
1089 1174 1229 1237 aut
1279 1151 1839 1239 illustrandum
1899 1177 2039 1239 aut

267 1265 852 1353 vindicandum
882 1265 1347 1377 observavi:
1382 1265 1475 1349 id
1514 1297 1707 1353 vero
1738 1269 1839 1351 ab
1879 1268 2039 1353 hoc

157 1410 163 1417 ·
269 1379 717 1465 studiorum
767 1404 1054 1493 genere
1104 1406 1268 1463 non
1311 1378 1427 1463 est
1474 1380 1823 1466 alienum
1857 1446 1884 1488 ,
1945 1404 2042 1466 ut

267 1491 537 1576 omnia
612 1519 776 1577 non
850 1489 1220 1586 omnibus
1295 1489 1672 1601 placeant
1725 1541 1755 1596 3
1855 1497 2042 1578 sunt

264 1608 480 1690 enim
513 1670 543 1710 ,
602 1627 854 1715 atque
890 1602 1405 1685 remanebunt
1457 1605 1763 1733 semper
1822 1609 2042 1689 varia

266 1718 455 1804 loca
498 1717 664 1803 five
696 1717 851 1800 hac
871 1778 901 1818 ,
937 1713 1102 1798 five
1136 1714 1292 1797 alia
1330 1717 1637 1797 ratione
1680 1716 1928 1801 dubia
1961 1727 2043 1804 δε

271 1848 592 1920 vexata.
702 1829 904 1911 Hoc
948 1854 1142 1912 vero
1182 1850 1550 1939 rogatum
1583 1829 1830 1912 velim
1867 1896 1895 1934 ,
1954 1855 2048 1915 ut

272 1948 744 2058 priusquam
785 1939 1156 2055 quaedam
1200 1939 1366 2024 loci
1425 1942 1864 2054 explicatio
1896 1970 2049 2051 ¹aut:

274 2057 536 2144 versio
579 2078 673 2139 ut
718 2055 1205 2139 inconcinna
1243 2117 1270 2159 ,
1361 2078 1503 2138 aut
1558 2060 1790 2140 nimis
1842 2056 2044 2167 dura

277 2164 729 2279 rejiciatur,
768 2166 951 2250 loca
971 2167 1397 2287 parallela,
1437 2164 1600 2252 five
1628 2198 1812 2282 quae
1849 2173 2041 2255 data

279 2311 527 2395 opera
546 2279 936 2364 illustravi
956 2340 983 2383 ,
1037 2300 1175 2363 aut
1197 2302 1512 2364 tantum
1553 2284 1885 2367 citando
1905 2286 2049 2366 ad-

272 2398 479 2510 jeci,
503 2416 807 2479 attente
829 2393 1340 2477 conferantur
1358 2441 1385 2495 3
1409 2423 1511 2478 ex
1532 2395 1824 2505 quibus
1840 2396 2086 2483 sorte·

178 2545 181 2556 ’
286 2513 389 2595 de
429 2510 807 2592 consueta
850 2507 1186 2617 Linguae
1222 2507 1504 2589 indole
1542 2512 1834 2590 certior
1867 2509 2046 2600 fieri

288 2623 617 2740 poteris,
736 2621 823 2705 Si
870 2648 1061 2703 vero
1086 2621 1323 2731 ‘qui‘d
1354 2621 1670 2705 noveris
1704 2621 2036 2717 tectim,

268 2735 729 2848 -fimplicius
775 2753 1023 2844 atque
1067 2735 1316 2846 magis
1357 2732 1829 2844 analogum,
1897 2765 2033 2830 vet-2

158 2847 163 2852 ’
294 2851 514 2933 ‘ritati
552 2910 581 2953 ,
641 2871 885 2959 quam
941 2872 1066 2927 me
1113 2867 1376 2930 amare
1412 2905 1439 2944 ,
1510 2869 1756 2960 atque
1812 2847 2036 2951 omni

298 2963 479 3045 nisu·
544 2977 896 3074 quaerere
966 2959 1307 3043 candide
1360 2958 1751 3070 profiteor
1805 3025 1832 3066 ,
1907 2963 2035 3047 lu-

298 3076 489 3160 bens
528 3102 640 3156 ,ac
698 3095 965 3186 gratus
1022 3071 1305 3155 cedere
1357 3075 1528 3156 sum
1578 3089 1974 3186 paratuS.‘

308 3322 321 3330 -
362 3307 365 3310 ⁷
417 3271 716 3379 Quivis
754 3267 954 3351 mihi
978 3265 1219 3351 facile
1252 3267 1783 3375 adsentietur,
1809 3275 2058 3382 *quod

300 3386 539 3469 sicuti
597 3383 1196 3493 Exceptionum
1243 3385 1488 3494 copia
1533 3384 1874 3496 Regulae
1914 3379 2057 3471 aua

306 3498 628 3581 &oritas
687 3523 851 3581 non
906 3505 1193 3605 'parum
1247 3494 1717 3610 infringitur
1769 3527 1864 3580 ac
1913 3502 2055 3583 dea

304 3611 674 3718 bilitatur
726 3671 753 3714 ,
831 3607 939 3694 fic
996 3638 1089 3693 ea
1136 3631 1424 3692 contra
1480 3610 2051 3721 Exemplorum

192 3722 198 3728 ’
296 3725 532 3816 omni
587 3725 1067 3838 exceptione
1110 3725 1502 3836 majorum
1530 3722 2053 3924 Qabundantcita
2127 3747 2130 3750 ’

612 3881 629 3902 ,,
1914 3869 1959 3925 a
2021 3883 2055 3908 ,
