2900 4829
622 373 1226 491 Hebraeae‘Linguae
1272 395 1439 495 Diffi
1467 399 1637 474 II.
1820 423 1964 479 101

299 510 629 586 Dolenda
680 511 841 586 sane
879 568 900 600 ,
972 513 1358 609 praesertim
1418 517 1637 591 etiam
1698 516 1834 590 hac
1887 519 1960 593 in

175 626 411 707 ‘parte
457 610 770 683 licentia
793 612 1323 726 Interpretum,
1394 617 1580 711 quod
1623 614 1737 688 ubi
1771 615 1957 691 inter
2016 657 2021 660 ·

202 728 320 779 tot
372 710 628 780 Futura
674 731 883 781 unum
939 708 1216 806 aiiquod
1259 711 1690 788 Praeteritum
1727 710 1954 790 offen?

197 805 496 894 ἀει-ειη,
548 806 618 878 id
657 804 928 895 statim,
981 805 1120 879 fine
1156 808 1325 893 ulla,
1382 828 1457 880 ut
1494 809 1817 897 videtur,
1853 812 1952 883 ul·

200 902 454 975 teriori
503 902 826 999 indagine
856 959 878 992 ,
951 927 1082 997 pro
1125 863 1387 980 Futu’ro
1418 906 1943 1001 reputaverint,

199 1020 413 1097 atque
465 999 557 1072 fic
613 1000 1062 1076 reddiderint.
1160 1005 1292 1076 Me
1354 1028 1531 1077 vero
1598 1004 1786 1101 quod
1844 1026 1949 1078 at-

199 1098 382 1171 tinet
424 1153 446 1186 ‚
515 1098 750 1193 potius
779 1098 1097 1195 ‘ingenue
1131 1098 1449 1191 fatebor,
1504 1100 1769 1176 sensum
1803 1101 1952 1178 loci

134 1197 138 1201 ’
196 1196 381 1267 mihi
411 1199 720 1270 nondum
755 1194 913 1269 satis
952 1196 1263 1294 liquere,
1318 1223 1523 1294 quam
1570 1219 1642 1271 ut
1675 1201 1759 1272 ad
1796 1215 1949 1275 tam

91 1297 100 1310 ⁸
196 1292 410 1371 inane
448 1294 707 1392 asylum
740 1294 1206 1392 confugiam,
1270 1297 1346 1367 de
1382 1320 1722 1391 quacunque
1764 1297 1951 1374 Tem·

188 1410 407 1484 porum
444 1446 466 1481 ‚
537 1393 649 1465 vel
687 1393 991 1468 maxime
1021 1396 1097 1467 de
1126 1395 1441 1468 Praeteriti
1475 1396 1592 1476 loco
1623 1394 1843 1468 Futuri
1874 1398 1951 1469 in

197 1491 571 1582 Propheticis
602 1493 934 1586 Enallage.
1151 1507 1157 1514 “

297 1589 479 1659 Haec
534 1612 683 1686 quae
724 1588 887 1664 dieo
946 1610 1086 1662 uno
1116 1587 1474 1689 alteroque
1508 1587 1836 1721 exemplo
1865 1586 1943 1660 il-

192 1684 484 1760 lustrare
514 1706 744 1786 atque
758 1686 1117 1761 vindicare
1145 1685 1354 1763 lubet.

289 1814 437 1904 Jss.
477 1815 597 1887 xi.
638 1822 701 1896 8.
781 1781 908 1897 Spq
967 1817 1116 1905 rna
1171 1820 1286 1890 *m
1328 1782 1428 1898 59
1475 1820 1620 1923 pin
1676 1807 2067 1924 ywmees
2088 1814 2169 1876 x1
2204 1819 2261 1875 s.
2330 1861 2335 1864 ,

191 1935 425 1999 εῖτ-τη
460 1934 574 2004 w
611 1912 788 2005 ‘nm
829 1930 1080 2010 *mm
1141 1934 1404 2009 mmm
1506 1928 1597 2002 Ee
1629 1930 1955 2002 oblectabit

171 2022 254 2119 je
297 2027 528 2096 lachns
544 2023 735 2119 super
773 2048 1099 2098 cavernam
1130 2028 1407 2117 aspidis,
1463 2021 1548 2107 &²
1580 2049 1620 2097 a
1655 2030 1809 2100 laete
1839 2029 1957 2097 de

184 2121 398 2216 pulsus
438 2147 501 2193 m
510 2121 862 2217 speluncam
893 2122 1149 2216 bafilifii
1184 2147 1433 2194 manum
1453 2121 1644 2219 suam
1667 2122 1933 2216 immiste·

191 2221 810 2295 Hic‘Prae'teritum
862 2228 1033 2296 ΠἿΠ
1080 2220 1387 2293 occurrit
1425 2220 1611 2298 inter
1641 2240 1751 2293 tot
1802 2222 1967 2314 Fu·

191 2339 390 2405 tura,
447 2318 560 2390 vel
595 2317 832 2398 saltem
869 2319 1049 2398 inter
1082 2317 1434 2392 Praeterita
1470 2343 1631 2394 cum
1656 2318 1961 2394 Vavvis

189 2416 329 2492 suis
382 2417 729 2492 Relativis
773 2476 796 2509 ,
867 2442 1018 2515 quae
1049 2419 1142 2491 ob
1177 2416 1646 2511 praecedentia
1679 2419 1959 2488 Futura
2024 2476 2055 2491 t

187 2514 439 2586 Futuri
479 2515 675 2588 vices
704 2536 990 2612 gerunt:
1047 2537 1257 2590 nemo
1294 2532 1531 2591 tamen
1569 2514 1688 2586 hic
1725 2513 1963 2586 facile

186 2611 492 2700 dixerit,
540 2612 681 2685 hoc
707 2615 1139 2687 Praeteritum
1172 2614 1406 2685 Futuri
1443 2613 1605 2685 loco
1624 2611 1967 2707 pofitum·

185 2708 332 2788 effe
355 2711 448 2783 ob
483 2712 588 2786 rei
617 2712 1144 2800 certitudinem,
1197 2732 1312 2783 aut
1344 2710 1529 2820 quod
1559 2729 1586 2793 1
1618 2710 1690 2783 in
1730 2709 1939 2783 initio

184 2807 396 2903 hujus
430 2807 850 2881 hemistichii
888 2809 1002 2881 hic
1038 2827 1360 2882 exereret
1388 2832 1539 2881 v1m
1558 2807 1745 2889 suam
1768 2830 1937 2885 con·
1956 2876 1961 2881 .

101 2986 114 2997 X
185 2903 547 2982 verfivam
604 2925 722 2980 aut
772 2907 1188 2997 relativam,
1309 2929 1472 2980 uum
1512 2929 1656 2981 non
1692 2911 1942 2979 imme·
2004 3000 2009 3001 ἢ

185 3003 384 3077 diate
415 3005 775 3083 Praeterito
810 2961 1188 3117 praefixum
1208 3028 1250 3078 e
1327 3005 1588 3103 ‚quod
1624 3005 1942 3079 nondum

187 3101 355 3175 satis
425 3096 795 3197 probatum
852 3102 1057 3177 vidi.
1123 3103 1410 3179 interim
1465 3121 1702 3179 tamen
1776 3100 1938 3176 satis

185 3198 469 3276 constat
500 3199 588 3274 de
620 3225 695 3275 re
725 3200 957 3283 futura
1005 3198 1124 3276 hie
1166 3200 1331 3296 agi,
1400 3222 1545 3274 non
1590 3200 1818 3274 minus
1854 3223 1938 3274 ae

69 3297 96 3311 ⁸
184 3301 268 3375 in
303 3297 526 3409 priori
556 3292 1019 3379 hemistichia
1116 3297 1420 3373 Videtur
1472 3296 1650 3371 mihi
1681 3354 1703 3389 ,
1757 3300 1942 3371 Prae-
1980 3346 1985 3351 ι

187 3395 483 3475 teritum
525 3403 697 3472 ΠἾΠ
739 3396 856 3469 hic
886 3395 1023 3477 effe
1068 3395 1559 3471 Praeteritum
1540 3420 1611 3471 m
1647 3422 1722 3471 re
1757 3395 1942 3469 futu·

183 3521 308 3584 ra,
362 3492 442 3568 &
471 3495 729 3567 Futuro
750 3495 911 3590 Subj
922 3491 1184 3567 unaiv‘
1164 3517 1188 3564 1
1221 3496 1682 3577 vertendum·
1661 3546 1683 3580 ,
1730 3511 1940 3589 atque
2005 3565 2009 3576 ,

184 3595 588 3676 sermonem
626 3592 1149 3688 quodammodo
1180 3592 1563 3687 elliptieum
1592 3590 1771 3681 effe,
1799 3590 1941 3683 hoc:

182 3718 340 3798 fere
390 3718 609 3794 modo
642 3716 1123 3897 ΓιιΡΡΙειιιάιιιῑέΞῖΓ
1140 3685 1228 3917 'ig
1272 3724 1402 3807 W
1445 3682 1588 3794 8171
1627 3731 1951 3892 atquedgg
