2900 4829
710 372 722 399 1

569 428 873 502 Hebraeae
913 430 1176 524 Lingua
1222 427 1390 526 Diffi
1419 430 1522 504 ΙΙ.
1846 453 1943 527 41

212 548 366 651 Qua
394 546 759 632 versione,
809 566 884 620 ut
924 548 1095 621 mihi
1137 549 1375 624 saltem
1403 550 1682 624 videtur
1711 599 1736 639 ‚
1802 574 1949 627 non

207 648 480 741 prorsus
567 647 1020 719 incommoda
1105 645 1520 742 fignificatio
1586 648 1945 744 particulis

210 744 547 839 temporis
611 750 761 818 ’ΠΒ
820 751 930 826 ‘W
988 745 1308 819 tribuitur
1363 770 1386 832 3
1458 746 1841 842 praesertim
1892 745 1945 820 fi

206 863 369 912 cum
402 840 763 934 Pyaeterito
799 840 1281 915 construantur
1317 899 1337 931 ‚
1405 862 1610 941 atque
1659 844 1744 917 ad
1792 868 1946 919 rem
2068 892 2075 900 ·

138 952 143 959 '
192 939 631 1034 praeteritam
661 938 966 1011 maxime
1004 941 1423 1037 respiciatur.
1526 942 1720 1016 Nam
1767 945 1949 1017 Prae-

202 1036 489 1109 teritum
511 1037 970 1109 Hebraeorum
1011 1062 1203 1136 aeque
1241 1039 1499 1119 habere
1523 1062 1605 1112 ac
1627 1040 1946 1116 constan·

202 1154 313 1206 ter
375 1133 650 1208 servare
732 1135 1073 1208 Praeteriti
1149 1134 1738 1233 fignificationem
1813 1159 1945 1233 pro
1985 1188 1994 1199 ·

202 1232 494 1328 Linguae
549 1231 910 1304 idiotismo
955 1288 976 1321 ‚
1047 1257 1128 1307 ac
1176 1236 1611 1308 Praeteritum
1659 1236 1949 1310 Latino-

199 1353 353 1401 rum
375 1385 397 1419 ,
454 1329 571 1403 vel
609 1329 779 1403 alius
810 1330 1165 1426 cujusdam
1182 1333 1471 1429 Linguae
1502 1356 1642 1406 non
1679 1352 1945 1407 temere

196 1426 523 1501 dixerim.
618 1428 891 1500 Eodem
950 1429 1165 1500 modo
1208 1428 1286 1502 &
1336 1433 1430 1503 V.
1475 1439 1539 1505 6.
1575 1450 1736 1504 ante
1766 1433 1945 1505 Prae-

198 1548 484 1620 teritum
549 1532 925 1622 0155:th
1002 1547 1467 1643 repetendum
1536 1567 1737 1645 atque
1790 1548 1945 1644 sup·

194 1646 531 1741 plendum
577 1642 756 1716 mihi
805 1645 1083 1717 videtur
1135 1651 1285 1720 'nn
1342 1651 1454 1729 'W
1499 1644 1635 1716 hoc
1688 1644 1883 1719 sensu
1916 1664 1943 1715 .·

172 1761 296 1836 per
333 1744 628 1838 quodnam
663 1743 921 1837 longum‘
957 1747 1238 1835 temporis
1273 1742 1554 1837 spatium
1595 1743 1814 1841 cibasti
1847 1767 1945 1817 eos

188 1860 343 1934 pane
376 1844 788 1936 lacrymarum
824 1842 860 1912 ἱ)
928 1839 1186 1943 Quales
1231 1842 1504 1939 ellipses
1552 1865 1643 1916 ex
1682 1864 1943 1939 praece·

193 1939 390 2012 denti
444 1959 799 2012 commate
857 1939 971 2011 vel
1029 1937 1476 2014 hemistichio
1542 1939 1942 2037 supplendae

193 2035 757 2134 frequentiffimae
811 2034 981 2110 sunt.
1086 2037 1352 2112 Eadem
1403 2032 1556 2112 h'aec
1601 2036 2067 2123 PraeteritiEx,
2097 2063 2172 2125 x,
2200 2078 2253 2135 3·

192 2133 623 2208 construEtio
656 2157 819 2208 cum
847 2132 1205 2230 particulis
1236 2143 1397 2213 'nn
1425 2145 1536 2219 'W
1582 2137 1779 2210 venit
1809 2138 1940 2211 Ex.

190 2235 279 2306 X.
318 2256 385 2328 3.
437 2232 587 2306 Ubi
608 2234 860 2309 Moses
901 2232 1044 2304 Dei
1083 2233 1371 2307 nomine
1410 2235 1757 2308 Pharaoni
1790 2235 1944 2308 haec

189 2353 411 2429 dicit:
465 2356 642 2431 *ino
682 2339 881 2438 my&
918 2357 1132 2429 mm
1170 2357 1318 2430 *no
1359 2360 1468 2435 -τν
1514 2355 1940 2451 Interpretes

188 2452 343 2526 fere
391 2472 641 2525 omnes
693 2449 813 2521 hic
853 2449 1291 2522 Praeteritum
1336 2455 1552 2527 mm)
1593 2454 1709 2524 vel
1756 2453 1942 2524 Prae-

187 2550 367 2625 senti
401 2606 424 2639 ‚
495 2548 609 2621 vel
664 2549 926 2620 Futuro
982 2545 1305 2620 reddunt.·
1397 2548 1552 2643 Ego
1600 2571 1788 2621 vero
1815 2547 1936 2619 hic

186 2648 425 2744 potius
462 2647 612 2719 vim
649 2643 988 2730 Praeteriti
1023 2663 1162 2716 tem
1220 2643 1396 2731 oris,
1449 2644 1705 2718 eodem
1721 2649 1937 2717 modo

186 2747 377 2819 utiin
400 2741 823 2840 praecedenti
855 2743 1014 2812 loeo
1045 2744 1133 2813 ob
1167 2761 1753 2839 ervarem3atque
1783 2743 1934 2816 haec
1969 2735 1976 2746 “

186 2845 406 2917 veiha
447 2841 541 2913 fic
578 2839 939 2928 redderem
974 2862 993 2913 ε
1063 2862 1354 2933 quousque
1392 2895 1413 2927 ‚
1464 2839 1581 2930 seu
1604 2861 1720 2936 per
1751 2843 1932 2936 quod·

181 2965 330 3013 nam
366 2942 609 3035 longum
648 2955 877 3031 tempus
908 2938 1159 3033 renuisti
1198 2941 1511 3010 humiliari
1542 2956 1785 3035 propter
1804 2939 1933 3032 sa·
2027 2993 2032 3000 -

180 3046 329 3112 ciem
377 3062 579 3111 meam
613 3037 650 3108 ἵ)
717 3037 923 3109 Adeo
969 3053 1043 3107 ut
1087 3035 1237 3109 haec
1266 3036 1490 3111 Mofis
1541 3042 1754 3113 verba
1796 3038 1933 3114 fint

182 3123 364 3211 actis
405 3132 799 3232 objurgatio
838 3183 860 3220 ,
926 3133 1042 3207 seu
1075 3133 1442 3208 obtestatio
1478 3190 1500 3224 ,
1569 3137 1754 3232 quod
1775 3139 1929 3235 jam

179 3254 325 3309 tam
375 3234 499 3307 diu
534 3290 554 3322 ,
627 3255 770 3305 non
818 3229 1242 3305 obstantibus
1295 3251 1403 3304 tot
1450 3233 1794 3329 prodigiis
1845 3258 1928 3310 ac

178 3332 403 3430 plagis
423 3387 444 3420 ,
501 3350 733 3404 tamen
768 3329 1076 3401 renuerit
1101 3329 1444 3402 humiliari
1468 3353 1712 3404 coram
1741 3331 1928 3406 Deo.

272 3429 505 3504 Simili
556 3427 709 3502 fere
763 3426 981 3499 modo
1029 3427 1465 3501 Praeteritum
1517 3430 1715 3503 venit
1768 3454 1931 3504 cum
1952 3439 2248 3551 Ext'xvx·

177 3535 332 3607 mn
361 3534 492 3612 *ιν
538 3526 670 3601 Ex.
738 3524 939 3597 xvi.
1009 3538 1127 3610 28.
1218 3531 1532 3606 :anino
1595 3529 1752 3604 ruz-t·
1795 3536 2044 3625 ³92⁸.
2121 3603 2128 3611 .

172 3655 441 3726 ’ΠἿΊΠΊ
484 3649 713 3722 '‘n'tssn
757 3609 982 3721 '¹Dw‘7
1029 3644 1456 3740 Interpretes
1476 3645 1591 3718 hic
1612 3646 1924 3724 fimiliter

169 3743 613 3821 Praeteritum
647 3743 764 3817 vel
781 3740 1107 3817 Praesenti
1145 3742 1262 3817 vel
1287 3744 1550 3815 Futuro
1590 3764 1917 3825 vertunt:

171 3866 241 3922 at
271 3843 454 3922 nihil
486 3841 821 3939 impedit,
876 3863 1013 4013 quco
1046 3840 1277 4029 §ninus
1309 3837 1386 3917 ἃ
1419 3840 1541 3960 hic
1582 3844 1923 4021 Praetigigi
