2900 4829
587 429 891 506 Hebraeae
936 430 1198 530 Linguae
1243 428 1409 536 Dtff.
1447 431 1555 509 H.
1865 443 1969 531 63>
2060 365 2075 376 N
2124 368 2129 375 ·

188 551 370 633 tandi
413 547 572 623 vim
619 548 877 640 habet,
943 574 1316 627 nonvero
1367 553 1519 628 vim
1561 549 1963 646 convertendi.

191 652 531 726 Alterum
579 651 778 743 'mm
821 659 879 725 'n
925 652 1067 724 Vav
1119 649 1526 745 Converstonis
1558 705 1580 739 ,
1648 649 1781 725 seut
1814 653 1958 730 Vav

199 745 634 839 Converfivum
654 802 675 835 ,
696 748 881 843 quod
914 765 1168 842 praeter
1189 748 1336 822 vim
1359 750 1708 843 copulandi,
1738 750 1983 826 etiam‘

195 848 351 922 vim
383 850 767 918 convertendi
787 843 1083 935 habere3
1134 845 1355 920 immo
1381 847 1568 945 quod
1602 847 1958 924 interdum

195 945 513 1038 copulandi
550 941 696 1013 vim
727 942 934 1038 plane
964 943 1360 1040 negligere,
1414 946 1493 1019 ὅ(
1527 951 1958 1020 tantummo-

197 1043 291 1116 do
356 1041 510 1112 vim
562 1043 941 1113 convertendi
976 1042 1277 1115 retinere
1317 1045 1675 1117 creditur:
1743 1045 1956 1145 idque

197 1137 559 1228 unanimi,
603 1137 789 1235 quod
825 1139 1035 1211 sciam
1056 1194 1077 1227 ,
1106 1140 1752 1218 Grammaticorum
1782 1167 1957 1220 con-e

199 1236 419 1311 sensu.
522 1236 918 1333 Utrumque
972 1237 1137 1309 illud
1177 1239 1348 1312 Vav
1391 1264 1532 1336 ope
1584 1241 1956 1316 Schevatis

200 1333 566 1424 Praeterito
602 1333 1032 1431 praefigitur:
1087 1353 1159 1408 at
1197 1336 1412 1426 Vav,
1452 1340 1650 1434 quod
1694 1337 1960 1414 Converss·

189 1432 402 1528 sivum
440 1429 577 1508 ess‘e
611 1432 916 1505 creditur
944 1489 965 1521 ,
1017 1433 1183 1504 iliud
1227 1454 1569 1529 praeterea
1614 1436 1956 1532 singulare

203 1551 279 1605 ut
326 1548 573 1603 notam
617 1530 959 1627 quandam
1012 1529 1647 1604 characi'teristicam
1697 1533 1953 1622 habet,

203 1647 338 1727 qua
371 1653 412 1701 a
448 1629 613 1701 Vav
647 1628 1054 1723 simpliciter
1095 1632 1437 1722 prulativo
1467 1628 1951 1725 disting-uiturj

97 1767 100 1770 ·
205 1726 397 1832 quod
445 1725 516 1797 in
555 1727 766 1798 variis
817 1724 1117 1813 casibus,
1172 1726 1287 1799 ubi
1326 1725 1397 1799 id
1441 1726 1630 1800 salva
1674 1732 1958 1804 Accen÷

202 1845 404 1897 tuum
442 1842 684 1902 natura
720 1847 802 1896 ac
840 1821 1296 1919 dispofitione
1332 1825 1488 1897 fieri
1519 1824 1712 1921 poffe
1735 1825 1960 1910 credi·¹

209 1940 358 2012 tur,
410 1922 805 1994 Accentum
848 1921 934 1995 ad
969 1921 1282 1994 ultimam
1306 1923 1654 2019 Syllabam
1682 1925 1960 2019 protru-

208 2022 368 2109 dat,
425 2021 746 2119 adeoque)
767 2020 1049 2107 Verba,
1106 2031 1536 2118 quae'natura
1580 2022 1696 2095 fita
1734 2023 1958 2110 Pena3

206 2138 373 2192 cuta
404 2117 598 2207 sunt,
627 2118 857 2190 Acuta
889 2115 1123 2191 faciat.
1176 2119 1504 2193 Maxime
1539 2119 1701 2193 illud
1727 2119 1965 2204 obserf,

206 2215 520 2291 vandum
543 2215 741 2288 venit
762 2215 831 2290 in
863 2239 892 2288 1
933 2215 1010 2288 &
1031 2238 1064 2288 2
1094 2214 1396 2294 Persona
1420 2215 1746 2314 singulari
1778 2220 1967 2300 Prae÷

207 2315 441 2414 ueriti,
496 2321 798 2412 excepto
832 2313 961 2385 Kal
995 2314 1396 2387 Verborum
1427 2314 1962 2424 quiescentium

207 2414 422 2506 tertia
463 2423 521 2491 Π
553 2412 631 2491 &
662 2426 743 2489 N.
844 2412 1160 2510 Itemque
1204 2413 1278 2485 in
1318 2413 1531 2486 variis
1570 2414 1833 2487 casibus
1881 2413 1963 2490 itu

209 2512 482 2586 Verbis
518 2509 1048 2615 Quiescentibus
1097 2507 1176 2584 ἃ
1213 2510 1609 2585 Defestivis
1661 2510 1997 2586 secunda·

210 2609 573 2697 Radicali3
602 2631 753 2708 quae
786 2607 901 2681 ubi
940 2607 1363 2705 caeteroquin
1398 2611 1748 2683 Penacuta
1776 2608 1967 2699 sunt,

211 2711 447 2784 Acuta
484 2706 685 2780 fiunt.
738 2704 1059 2779 Conferri
1091 2705 1208 2777 hic
1249 2724 1619 2800 poterunt,
1653 2732 1803 2804 quae
1840 2707 1967 2780 ha-

185 2810 335 2883 .bet
357 2803 755 2895 Buxtorfius
787 2802 934 2876 Lib.
961 2805 1048 2877 ΙΙ.
1071 2803 1284 2876 Thes.
1307 2805 1621 2878 Gramm.
1650 2807 1818 2902 Cap.
1842 2827 1881 2878 2
1901 2828 1967 2875 r.

214 2905 296 2979 δε
337 2903 687 3001 Altingius
721 2903 793 2976 in
825 2901 1156 2977 Fundam.
1197 2901 1440 2979 Punst.
1484 2903 1689 3003 Ling.
1728 2901 1969 2979 Sanct.

214 3003 258 3112 §
320 3099 818 3198 Inquirendum
862 3099 1055 3197 jam,
1106 3099 1348 3196 quibus
1381 3098 1456 3171 in
1502 3097 1763 3173 casibus
1797 3099 1972 3170 Vav

218 3198 604 3288 Praeteriti,
633 3199 750 3293 ubi
772 3196 843 3270 id
868 3198 1050 3272 salva
1077 3198 1520 3272 Accentuum
1540 3210 1786 3271 natura
1812 3194 1975 3270 fieri

217 3295 493 3396 potest,
544 3297 943 3380 Accentum
974 3318 1064 3370 ex
1103 3295 1490 3391 penultima
1531 3296 1604 3369 in
1653 3295 1978 3368 ultimam
2028 3308 2031 3311 ’

217 3397 568 3494 Syllabam
600 3394 1010 3491 protrudat,
1032 3390 1111 3468 ἃ
1141 3394 1416 3491 quando
1437 3416 1604 3468 non.
1659 3394 1762 3467 Cl.
1797 3395 1980 3466 Bux-

222 3493 472 3569 torfius
505 3492 721 3567 Thes.
769 3492 1089 3566 Gramm.
1128 3492 1330 3565 Loco
1375 3492 1597 3569 Laud.
1633 3509 1835 3565 notat
1881 3489 1980 3565 R.
2074 3542 2083 3551 κ

217 3592 452 3668 Eliam
497 3591 569 3664 in
628 3592 843 3663 Libro
890 3588 1265 3669 Habbachur
1312 3589 1512 3665 Orat.
1538 3662 1541 3663 γ
1568 3591 1627 3662 1.
1677 3589 1858 3669 Sea.
1904 3610 1983 3680 5.

219 3686 611 3765 observasse
631 3713 648 3763 :
680 3689 754 3760 Si
767 3685 1131 3782 praecefferic
1151 3690 1323 3761 aliud
1352 3688 1748 3777 Praetcritum
1766 3744 1788 3778 ‚
1820 3687 1979 3783 (vel

213 3775 527 3867 Futu‘rum
562 3790 678 3861 loco
716 3788 1038 3862 Praeteriti
1068 3784 1364 3886 positum)
1394 3805 1540 3863 tunc
1577 3784 1695 3883 effi
1729 3788 1979 3882 Copula·

210 3895 466 3983 tivum3
497 3882 606 3986 fin
632 3890 872 3983 minus,
927 3883 1357 4065 Confierfivum
1372 3885 1779 3987 judicandum
1815 3882 1980 3983 effa,

685 4002 708 4023 ·
1157 4007 1197 4081 3
1363 4006 1371 4011 ·
1906 3997 1989 4056 ut
