2900 4829
837 415 838 420 Ν
926 363 1067 448 128
1240 355 1552 462 Analogia
1584 345 1937 458 Temporum
1978 349 2067 448 Εἰ*
2098 343 2427 444 Medorum

923 483 1185 573 teriuS,
1235 482 1553 580 adeoque
1582 500 1661 556 ut
1691 482 1987 558 relative
2036 481 2372 575 Futurum
2419 479 2643 566 venie
2666 507 2713 572 4

920 578 1120 674 suum
1147 580 1483 655 Futurum
1526 581 1848 674 ponant?
1900 579 2123 684 Quod·
2144 602 2277 675 pro
2299 577 2539 655 indole
2557 579 2721 654 La-

925 681 1093 760 tinae
1126 696 1245 753 aut
1287 677 1707 752 Vernaculae
1740 678 2034 775 Linguae
2064 674 2490 771 Imperfefito
2507 677 2718 750 Prae-

911 776 1138 874 »terito
1179 769 1559 849 commode
1593 772 1751 848 satis
1798 774 1987 849 verti
2038 775 2306 871 poterit
2358 828 2381 864 ,
2450 772 2716 849 addita

928 872 1271 971 temporis
1304 871 1648 970 particula
1676 873 1886 946 deinde
1927 926 1951 961 ,
2023 872 2143 946 vei
2167 889 2346 966 porro
2376 925 2405 962 ,
2448 869 2709 944 funili-

923 961 1153 1055 busve
1179 1025 1203 1064 ,
1267 967 1425 1068 qu'ae
1454 977 1607 1044 rem
1642 959 2388 1067 respestu-Temporis
2426 990 2714 1063 praece-

922 1067 1159 1148 dentis
1191 1086 1266 1143 ut
1289 1066 1763 1164 §posteriorem
1806 1122 1830 1160 ,
1900 1067 2215 1165 adeoque
2261 1086 2337 1142 ut
2386 1064 2709 1141 relative

881 1161 1238 1253 ·fflturam
1281 1165 1681 1262 indigitant.
2367 1163 2390 1201 ²
2488 1223 2493 1226 .
2555 1241 2581 1254 „
2612 1219 2621 1224 -

1021 1256 1281 1362 Neque
1310 1262 1520 1359 plane
1551 1285 1816 1337 novum
1857 1261 2020 1361 quid
2056 1260 2159 1338 est
2190 1318 2212 1352 ,
2263 1260 2383 1335 vel
2416 1245 2708 1336 inaudi-

921 1369 1123 1451 tum,
1174 1360 1226 1435 fi
1264 1360 1450 1446 hunc
1472 1360 1733 1434 Futuro
1763 1360 2075 1436 Hebraeo
2113 1357 2305 1434 usum
2340 1358 2706 1435 tribuam:

924 1458 1120 1536 idem
1152 1461 1339 1546 hoc,
1390 1457 1441 1533 fi
1482 1481 1630 1532 rem
1659 1455 1969 1555 spthes',
2011 1458 2160 1555 jam
2179 1455 2405 1547 vidit,
2454 1456 2711 1556 obser-

931 1555 1271 1656 vavitque
1295 1556 1422 1630 .Pl.·
1446 1556 1631 1631 Ven.
1655 1556 1992 1667 ‘de-Bruin
2028 1549 2197 1629 Diss.
2226 1553 2468 1650 saepius
2499 1553 2704 1630 laud.

934 1677 1099 1826 ἕπε
1116 1651 1356 1847 52}ss
1382 1636 2709 1854 1333531322122‘333320333533222

937 1864 1074 1923 turo
1088 1874 1118 1937 ,·
1135 1849 1325 1948 quod
1343 1848 1505 1923 sane
1532 1903 1553 1937 ‚
1581 1846 1857 1946 quando
1892 1849 1978 1923 de
1995 1871 2072 1923 re
2087 1848 2442 1945 praeterita
2456 1843 2705 1920 sermo

936 1945 1042 2020 est
1070 2000 1094 2036 ,
1160 1945 1299 2019 tale
1347 1944 1659 2043 defignat
1704 1946 2023 2042 Tempus
2062 2000 2084 2036 ,
2151 1946 2339 2044 quod
2379 1943 2705 2035 absolute

934 2040 1322 2140 speetatum
1354 2043 1791 2118 Praeteritum
1832 2044 2114 2140 quidem
2149 2041 2257 2118 est·
2279 2097 2301 2133 ‚
2374 2060 2445 2116 at
2473 2043 2701 2142 Futu-

835 2202 842 2211 .
932 2162 1090 2215 rum
1115 2139 1391 2215 ratione
1422 2141 1807 2237 Temporis
1838 2140 2321 2238 praecedanei:
2375 2141 2566 2238 quod
2603 2139 2751 2215 ad*

815 2243 823 2251 ’
929 2260 1085 2312 rem
1119 2237 1308 2312 idem
1337 2237 1487 2313 fere
1534 2237 1636 2312 est
1660 2262 1824 2312 cum
1861 2263 1948 2316 eo
1972 2241 2023 2311 F
2027 2239 2212 2325 uturi
2254 2238 2410 2330 usu,
2466 2261 2697 2335 quem*

929 2334 1051 2409 hic
1088 2336 1156 2410 ei
1186 2335 1436 2433 tribum
1520 2336 1835 2411 Eandem
1877 2337 2059 2409 hanc
2104 2335 2347 2410 Futuri
2387 2331 2698 2421 Hebraei

927 2434 1352 2532 potestatem
1387 2434 1836 2517 observavit.
1890 2433 2338 2532 agnoscitque
2357 2434 2699 2509 Celeber-

924 2532 1143 2608 rimus
1194 2531 1580 2628 Alphenius
1630 2535 1704 2606 in
1737 2529 1978 2606 Τῐειέὶ.
2028 2532 2217 2630 Belg.
2250 2531 2363 2605 cui
2398 2530 2646 2605 titulus
2670 2573 2697 2623 ,·

924 2630 1244 2727 Analyfis
1276 2630 1553 2704 Cantici
1587 2625 1888 2703 Mosai‘ci
1906 2654 2063 2728 pag.
2097 2646 2259 2722 185,
2299 2636 2460 2710 186.
2517 2627 2701 2703 Hoc

925 2727 1145 2801 modo
1164 2726 1498 2802 Futurum
1518 2728 1983 2802 Hebraeorum
2013 2727 2390 2820 Participio
2420 2725 2700 2819 Futuro

795 2894 802 2903 .
867 2882 886 2895 „.
922 2825 1286 2915 reddere,‘
1336 2824 1692 2922 saepisfime
1752 2826 2132 2900 commode
2184 2822 2350 2897 ‘satis
2395 2822 2479 2897 fit
2513 2872 2540 2910 ,
2604 2821 2702 2900 ἃ
2748 2908 2755 2913 ‚

923 2942 1247 2999 naturam
1284 2924 1339 2994 F
1342 2924 1525 2996 uturi
1569 2923 1931 3012 Relativi,
1987 2924 2086 2997 uti
2126 2947 2315 2995 voco
2358 2972 2403 3011 ,-
2433 2922 2697 2997 dextre

916 3019 1277 3118 exprimit.
1327 3021 1428 3097 At
1463 3044 1639 3094 vero
1677 3020 1811 3095 tale
1853 3020 2310 3117 Participium
2340 3019 2696 3101 Futurum

912 3137 1256 3214 praeterea
1308 3110 1730 3215 fingularem
1778 3118 2122 3216 quendam
2182 3124 2443 3195 nexum
2517 3141 2697 3192 cum

914 3214 1040 3290 suo
1076 3215 1513 3312 praecedenti
1550 3214 1916 3311 Tempore
1954 3216 2264 3291 involvit
2308 3240 2330 3304 3
2411 3214 2532 3314 qui
2578 3233 2692 3290 ta*

911 3335 1081 3387 men
1130 3314 1308 3386 mihi
1363 3335 1510 3386 non
1565 3312 1845 3388 videtur
1888 3310 2177 3411 proprie‘
2214 3316 2480 3411 Futuro
2530 3309 2692 3388 He·

913 3414 1105 3488 braeo
1142 3410 1487 3499 indicari3
1534 3433 1788 3484 verum
1824 3409 2179 3503 interdum
2232 3436 2326 3486 ex
2378 3409 2527 3508 ipsa
2573 3435 2694 3484 re·

914 3529 1074 3585 rum
1115 3526 1361 3582 natura
1389 3505 1752 3585 observari
1785 3507 2014 3602 poffe:
2041 3509 2283 3608 'quum
2316 3509 2434 3582 hic
2465 3511 2687 3584 Futu-

913 3631 1072 3681 rum
1090 3607 1481 3680 Hebraeum
1518 3607 1636 3681 sua
1666 3608 1908 3682 nativa
1924 3610 2019 3681 ·vi
2059 3629 2328 3683 tantum
2362 3609 2436 3681 in
2467 3632 2684 3706 gene·
2796 3686 2801 3693 ,

913 3728 995 3776 re
1028 3726 1181 3778 rem
1210 3722 1285 3778 ut
1313 3705 1756 3801 praecedenti
1792 3702 2257 3801 posteriorem
2296 3762 2318 3796 ,
2383 3729 2684 3803 eamque

912 3796 1435 3900 subsequentem
1466 3802 1654 3884 fistat
1692 3826 1717 3882 ε
1768 3825 1996 3905 neque
2027 3804 2208 3882 adeo
2241 3803 2320 3882 in
2355 3801 2689 3978 οωιὶίδξς

2455 3915 2502 3977 o
2548 3923 2690 3976 vua
