2900 4829
425 320 431 331 1
1673 324 1678 337 ι
1979 312 1988 349 z

450 382 461 388 ⁴
606 382 913 470 Hebrceae
951 395 1219 493 Linguae
1250 394 1417 494 Dzff
1446 394 1551 473 ΙΙ.
1851 424 1949 508 49

158 532 346 590 eum
407 512 483 587 in
532 510 750 589 finem
797 530 1157 587 merentur
1215 513 1393 589 Gen.
1452 514 1510 587 L
1547 535 1661 606 29.
1713 515 1838 591 IX.
1878 538 1952 611 3.

181 603 514 686 XLVIII.
560 632 695 705 22„
743 609 970 683 Num.
1009 610 1167 686 XX.
1209 614 1323 686 1'2.
1393 611 1581 688 XXI.
1617 635 1732 709 34.
1798 614 1888 712 Jo

185 711 319 785 VI.
352 731 422 783 2.
469 709 672 784 VIII.
712 732 774 783 1.
824 708 916 781 X.
948 715 1016 788 8.

282 807 471 881 Haec
518 807 678 879 loca
730 829 941 902 quum
993 803 1173 879 serio
1216 805 1601 882 meditabar
1637 864 1661 899 ‚
1731 826 1941 907 atque

186 903 371 978 inter
404 903 475 978 se
503 903 962 977 conferebam
986 958 1008 993 ,
1059 902 1401 1001 fingulare
1420 907 1582 1003 quid
1610 906 1687 981 in
1715 911 1944 982 verbo

180 1009 310 1097 im
357 999 749 1076 observaffe
782 1000 962 1073 mihi
989 999 1174 1075 visus
1212 1003 1358 1076 sum
1398 1027 1423 1092 3
1496 1028 1707 1101 quum
1755 1003 1942 1102 saepe

178 1097 1737 1273 ?{3{1¹'‘aes‘55³‘gc‘ffaevessi²32¹}1⁰¹¹r2²}3³tss¹mpf⁰
1761 1104 1947 1274 ¹²53

178 1286 328 1368 non
348 1252 543 1380 3'deo
583 1293 656 1368 in
694 1220 1257 1390 aliiquutibusvi}
1305 1295 1567 1369 Verbis
1620 1224 1947 1372 o’bseirva·

178 1411 293 1466 tur
330 1416 348 1467 :
423 1410 632 1490 atque
678 1391 841 1465 inde
870 1391 1166 1487 suspicio
1196 1392 1373 1464 mihi
1422 1393 1941 1485 suboriebatur,

177 1490 504 1565 Verbum
556 1496 681 1590 m]
727 1512 819 1563 ex
846 1489 1191 1586 =singulari
1245 1489 1593 1565 Hebraeae
1647 1494 1944 1587 Linguae

178 1588 416 1662 indole
445 1591 626 1682 saepe
658 1577 799 1660 dici
827 1587 915 1660 de
954 1586 1074 1660 tali
1113 1586 1439 1678 datione,
1490 1612 1621 1681 quae
1639 1589 1728 1683 fit
1751 1590 1946 1660 anzmi
2091 1668 2092 1675 ἵ

177 1690 412 1775 decreto
475 1702 583 1757 aut
647 1688 863 1757 mentis
954 1686 1470 1758 determinatione.
1583 1684 1943 1761 Po'ss‘umus

180 1783 555 1859 enimvero
588 1781 849 1878 duplici
889 1782 1108 1856 modo
1137 1786 1371 1878 aliquid
1407 1785 1596 1873 dare3
1647 1785 1763 1857 vel
1803 1799 1944 1856 tan-

182 1899 310 1956 tum
354 1885 566 1954 animi
607 1879 893 1976 propostto
955 1898 1064 1954 aut
1138 1883 1370 1955 decreto
1423 1936 1444 1970 ,
1534 1902 1740 1980 atque
1800 1882 1941 1965 hoc:

184 1980 404 2053 modo
444 2034 466 2068 ,
537 1977 590 2051 fi
648 1984 797 2051 reru
858 1977 1127 2069 speetes
1175 2035 1197 2069 ,
1275 1979 1332 2051 72,
1382 1982 1531 2053 clare
1582 1980 1771 2055 idem
1806 1979 1946 2053 erit

183 2077 375 2176 quod
404 2080 590 2149 alicui
629 2078 858 2171 aliquid
910 2079 1225 2151 decernere
1263 2133 1284 2166 ,
1356 2081 1472 2152 vel
1504 2081 1737 2173 aliquid
1765 2081 1945 2152 datu·

182 2201 319 2248 rum
368 2173 584 2270 ficum
646 2172 1000 2270 constitziere
1056 2199 1095 2262 3.
1159 2196 1495 2272 quatenus
1568 2200 1743 2250 vero
1804 2176 1945 2248 tale

187 2272 408 2347 animi
474 2272 837 2346 decretum
906 2272 1139 2344 verbis
1215 2272 1641 2370 fignificatur
1682 2328 1703 2363 ,
1773 2292 1941 2346 tunc

183 2371 371 2469 quod
428 2371 514 2444 ad
563 2395 716 2444 rem
774 2369 964 2444 idem
1016 2369 1212 2459 erit,
1332 2371 1472 2445 uod
1523 2374 1881 2464 promittere
1913 2426 1938 2460 ,
2039 2386 2051 2400 ⁶

182 2473 485 2542 addicere.
586 2465 730 2544 Vel
771 2468 985 2542 etiam
1007 2465 1066 2540 tt
1103 2472 1251 2540 dare
1346 2488 1410 2555 t,
1462 2471 1691 2561 quando
1732 2468 1942 2562 reapse

179 2570 413 2663 aliquid
444 2568 627 2638 datur
656 2623 678 2658 ,
730 2570 833 2641 vel
857 2570 1126 2639 traditur
1153 2572 1216 2637 in
1271 2568 1534 2661 alicujus
1576 2559 1937 2662 potestatem

180 2684 291 2739 aut
329 2663 757 2763 pffffionem.
860 2665 1000 2738 Vel
1042 2663 1280 2737 saltem
1347 2662 1465 2734 hic
1516 2663 1940 2752 dicendum,

180 2766 256 2839 in
303 2764 386 2857 ⁴14?
436 2767 585 2837 dare·
638 2759 834 2836 fimul
899 2763 1181 2852 includi¹
1232 2762 1583 2833 antecedens
1646 2762 1941 2856 quoddam

174 2867 375 2935 animi
438 2865 738 2941 decretum
809 2878 921 2933 aut
976 2859 1556 2933 determinationem.
1679 2847 1762 2932 N
1763 2884 1801 2933 e
1854 2883 1941 2933 ue
2047 2915 2056 2916 f

174 2960 586 3056 hujusmodi
612 2956 965 3032 distinstio
993 2957 1207 3056 gratis
1244 2982 1286 3031 a
1314 2981 1431 3030 me
1466 2955 1634 3031 fieta
1667 2980 1801 3031 cen
1836 2957 1941 3031 eri

173 3061 393 3131 debet
435 3080 458 3145 3
527 3078 742 3154 quum
794 3055 1012 3129 citata
1059 3057 1217 3128 loca
1266 3079 1424 3129 eam
1473 3077 1618 3127 non
1664 3073 1939 3128 tantum

172 3156 490 3253 probent
529 3208 550 3239 ‚
619 3153 736 3227 sed
780 3149 858 3225 ἃ
908 3154 1057 3226 fere
1107 3152 1559 3227 necess‘ariam
1594 3151 1936 3243 reddant,

172 3248 309 3327 nifi
332 3251 405 3323 in
429 3250 616 3325 hisce
641 3251 816 3323 locis
854 3248 1519 3348 aliisquexinfignem
1556 3243 1936 3324 statuamus

170 3346 528 3426 Praeteriti
580 3349 744 3421 loco
795 3347 1158 3422 Praesentis
1194 3403 1216 3437 ‚
1286 3347 1452 3445 quin
1497 3344 1575 3423 ὅτ
1610 3346 1772 3421 Ioco
1805 3347 1942 3419 Fu·-

172 3448 325 3522 turi
363 3447 783 3544 Enallagen,
835 3446 1156 3544 quodque
1187 3446 1259 3520 in
1293 3446 1440 3518 solo
1492 3446 1648 3530 fere
1687 3445 1938 3517 Verbo·

166 3551 312 3643 ῖΠ]
356 3540 866 3620 observandum
911 3539 1099 3618 foret
1144 3566 1164 3617 ε
1235 3543 1421 3643 quod
1466 3563 1679 3620 nemo
1728 3540 1938 3619 facile

170 3643 471 3723 dixerit.

275 3744 404 3822 Ex,
445 3738 579 3826 hac
637 3735 1006 3836 hypothefi
1057 3738 1297 3813 omnia
1349 3739 1510 3813 haee‘
1547 3738 1703 3812 loca
1740 3733 1936 3812 facili

175 3865 408 3943 opera
462 3838 550 3916 ad
601 3839 1029 4013 Analogiass
1068 3836 1312 3915 reduci
1356 3854 1716 3937 poterunt.
1814 3836 1936 4008 830

168 3959 175 3969 ’
620 3953 631 3966 ‘
1501 3999 1508 4012 ,
1658 3953 1839 4036 quan
1889 3954 1934 4009 o
