2900 4829
571 190 602 206 1

234 499 274 515 Γ
386 502 399 510 ·
538 414 546 419 ’
632 398 935 476 Hebraeae
965 400 1228 501 Lingu‘ae
1268 400 1439 501 Diffi
1475 396 1621 481 IL'
1658 446 1674 457 -
1893 421 1990 508 79

212 519 365 597 fuit
402 527 457 606 ‚⁰
506 533 584 591 ut
601 517 736 593 -suo
766 520 1126 594 Praeterito
1164 528 1325 594 cum
1357 522 1531 596 Vav'
1579 522 1987 620 immediate

210 616 533 716 praefixo
567 616 845 692 utantur
876 618 961 690 ad
991 616 1514 715 significandum
1537 621 1746 696 ‘idem
1777 622 1990 720 plane

213 738 560 812 ternpuS,
614 718 800 815 quod
844 715 1248 791 immediate
1292 717 1634 812 praecessit
1664 776 1685 808 ‚
1737 718 1862 795 seu
1892 722 1985 797 ad

216 815 419 913 quod
461 815 599 885 hoc
632 815 1068 887 Praeteritum
1108 815 1392 911 ope‘sui
1425 816 1979 895 Vav-referturi

217 934 441 1011 atque
499 911 677 985 adeo
728 912 867 983 hoc
920 912 1357 987 Praeteritum
1403 935 1566 1008 cum
1601 916 1769 989 Vav
1803 921 1986 1015 prae-

216 1011 376 1085 fixo
427 1009 768 1084 inserviet
812 1010 1304 1084 continuandae
1355 1012 1664 1085 orationi
1703 1036 1833 1111 per
1870 1038 1986 1089 ea-

220 1110 392 1183 dem
426 1126 774 1205 tempora.
878 1107 1120 1182 Solent
1153 1110 1345 1182 enim
1385 1110 1714 1201 Hebraei,
1771 1126 1985 1209 quana

222 1208 321 1280 do
386 1206 619 1280 oratio
688 1204 1107 1303 aliquamdiu
1167 1207 1417 1283 iisdem
1493 1209 1926 1305 temporibus
1953 1250 1978 1301 1,

224 1303 375 1378 five
420 1304 795 1379 Praeteritis
827 1358 848 1392 ‚
922 1302 1069 1377 five
1131 1306 1407 1379 Futuris
1473 1308 1922 1380 continuatur
1953 1346 1981 1397 ,-

222 1401 599 1500 postquam
672 1402 1077 1483 sermonem
1139 1401 1286 1475 five
1358 1404 1721 1477 P-raeterito
1763 1459 1785 1493 ‚
1831 1423 1999 1479 aun·

222 1501 497 1575 Futuro
536 1502 900 1597 Tempore
946 1499 1461 1573 inchoaverunt
1491 1547 1545 1587 ,ι
1582 1502 1653 1574 in
1688 1502 1982 1579 decursu

223 1598 576 1672 orationis
610 1629 632 1688 5
686 1597 1012 1697 quamdiu
1041 1621 1125 1670 ea
1167 1597 1422 1671 eodem
1458 1615 1782 1695 tempore
1813 1620 1984 1672 con-

222 1697 540 1771 tinuatur
564 1752 584 1787 ,
636 1695 827 1769 suum
862 1696 1295 1770 Praeteritum
1317 1719 1597 1791 ponere
1618 1717 1790 1771 cum
1806 1697 1983 1773 Vav

224 1795 570 1892 praefixo:
626 1794 809 1900 quod
836 1793 1269 1870 Praeeeritum
1307 1818 1397 1868 ex
1428 1793 1775 1873 constan-ti
1810 1795 1983 1873 Lin-

228 1916 387 1991 guae
446 1892 808 1966 idiotismo
859 1891 1112 1965 eodem
1172 1912 1496 1989 tempore
1560 1893 1989 1973 vertendum

231 1993 406 2081 erit,
463 2014 599 2089 quo
635 1990 863 2063 oratio
912 1990 1350 2080 ordiebatur,
1422 1989 1569 2064 five
1609 1990 1978 2081 Praesenti,
2018 2003 2021 2004 ’

211 2088 380 2178 five
413 2088 815 2179 Praeterito,
868 2086 1014 2163 five
1060 2088 1277 2162 etiam
1306 2090 1620 2165 Futuro..
1952 2166 1961 2174 ,

228 2253 233 2264 .
272 2222 295 2256 e
325 2189 520 2263 Hoc·
561 2190 777 2260 modo
842 2185 1012 2259 illud
1080 2186 1243 2260 Vav
1295 2186 1641 2262 Praeteriti
1685 2242 1710 2278 ‚
1788 2185 1982 2286 quod

224 2284 571 2376 haetenus
608 2284 922 2358 unanimi
948 2283 1100 2358 fere
1131 2284 1774 2361 Grammaticorum
1811 2310 1981 2362 con-

225 2384 428 2461 sensu
476 2401 554 2458 ut
601 2382 769 2456 Vav
817 2380 1325 2458 Converfivum
1363 2400 1764 2481 reputatum
1798 2382 1981 2474 fuit,

226 2483 459 2560 ferme
502 2483 651 2555 vim
704 2481 896 2555 suam
954 2501 1158 2580 atque
1203 2479 1502 2578 proinde
1572 2477 1652 2557 ἃ
1713 2502 1981 2554 nomen

230 2581 592 2658 amitteret
628 2603 649 2654 z
712 2603 873 2654 nam
904 2580 1070 2653 licet
1102 2578 1453 2652 interdum
1488 2577 1627 2652 tale
1659 2577 1983 2651 Praeteriss

223 2696 385 2756 tum
414 2703 578 2752 cum
612 2677 1113 2775 Vav-praefixo
1148 2677 1410 2750 Futuro
1435 2676 1805 2773 Tempore
1819 2698 1980 2749 ver·
2075 2738 2077 2741 .

208 2778 519 2853 'tendum
553 2774 639 2849 fit
675 2833 698 2867 ,
766 2777 838 2850 id
887 2774 1172 2873 proprie
1218 2798 1362 2848 non
1414 2773 1500 2851 fit
1553 2775 1632 2849 vi
1683 2773 1983 2874 quadam

226 2873 667 2950 Converfiva
696 2929 717 2960 ,
783 2874 901 2950 sed
952 2892 1219 2951 tantum
1277 2896 1369 2947 ex
1426 2874 1732 2972 quodam
1797 2873 1985 2948 acci·

214 2974 472 3064 'denti3
569 2973 680 3047 uia
711 2972 1043 3046 nimirum
1075 2971 1839 3070 praecedenstempus,
1890 2971 1982 3045 ad

224 3073 420 3171 ,quod
462 3097 541 3147 re
573 3089 763 3145 ertur
791 3127 814 3162 ‚
868 3071 1200 3145 Futurum
1226 3069 1328 3144 est
1360 3092 1379 3140 ε
1433 3070 1706 3144 Verum
1732 3070 1986 3165 ,potius

222 3170 435 3269 hujus
465 3171 631 3246 Vav
660 3169 769 3245 v-is
807 3168 1220 3265 ac'potestas
1256 3167 1392 3242 erit
1432 3167 1732 3246 Ralativa
1765 3222 1788 3257 ‚
1859 3165 1983 3241 vel

224 3272 672 3366 subjunctivo,
724 3292 860 3346 uua
879 3267 1033 3339 hoc
1054 3266 1503 3342 Praeteriturn
1542 3263 1980 3362 praecedenti
2103 3272 2110 3286 “

224 3367 537 3465 tempori
569 3366 742 3464 ·subj1
1488 3363 1761 3462 jusdem
1803 3381 1983 3438 tem·

221 3467 422 3565 poris
453 3489 615 3540 curn
655 3489 739 3562 pr
1488 3496 1492 3529 ε
1527 3486 1620 3540 ex
1646 3460 1778 3538 hac
1812 3483 1983 3557 pro-2

214 3565 385 3666 pria
423 3563 502 3640 δε
539 3564 742 3637 ηαῑίν.·
1488 3561 1760 3648 meriti,
1811 3555 1992 3637 illud·

214 3664 464 3762 potius
492 3662 742 3737 dicere]
1488 3659 1983 3770 vel-Sybjunffir

212 3785 375 3838 vum
405 3781 431 3832 .·
494 3783 633 3859 quo
670 3764 855 3839 'arus
909 3788 1218 3840 termule.
1264 3788 1478 3841 necat
1522 3755 1702 3841 mlhl
1757 3757 1836 3834 in
1881 3755 1987 3839 sea

218 3859 598 3984 quentibus
632 3858 757 3941 uti.
799 3935 804 3939 .
1182 3957 1186 3962 ⁴
1851 3954 1865 3959 ‚
1963 3926 1974 3935 .
2097 3919 2101 3924 ·

220 3987 312 4034 -·,.
352 3990 373 4035 .·’
976 3955 1041 4043 E
1089 3978 1139 4052 5
1766 3948 1986 4056 Quod
