2900 4829
604 749 696 805 16.

846 386 857 392 ’
971 385 979 394 ·
1012 363 1108 451 48
1312 356 1621 456 Analogia
1661 359 2008 456 Temporum
2033 360 2134 447 ’δ’
2161 294 2488 442 Midorum

977 473 1358 562 constant3
1425 501 1589 550 nam
1645 480 1740 552 V.
1800 485 2028 576 13.'in
2064 486 2311 558 eadem
2353 485 2504 560 fere
2547 504 2725 561 tem·

975 574 1171 671 poris
1216 574 1736 650 circumstantia
1765 601 2049 655 vertunt
2081 583 2152 656 in
2196 583 2524 657 Praesenti
2552 591 2649 658 do.

605 666 753 726 Gen.
776 667 954 733 XVII.
1073 672 1313 747 Simile
1344 673 1690 768 quoddam
1726 682 2126 775 exemplum
2171 682 2481 754 occurrit
2533 683 2717 756 Gen.

975 770 1210 844 XVII.
1290 777 1423 849 26.
1524 772 1643 844 ubi
1733 776 1923 850 Deus
2015 799 2178 852 ante
2273 779 2718 854 nativitatem
2816 840 2819 845 .

967 866 1185 982 Isaz‘t'ci
1233 867 1639 942 Abrahamo
1682 873 2043 950 Praeterito
2081 874 2446 972 Tempore
2497 877 2714 952 dicit:

962 984 1043 1089 32
1091 988 1196 1092 Ῥ
1224 988 1437 1060 mon
1467 989 1653 1060 'Dm
1705 994 1866 1062 DJ]
1907 1008 2087 1084 atque
2106 994 2293 1063 etiam
2323 993 2457 1063 dedi
2491 995 2610 1063 tibi
2641 1015 2718 1064 ex

968 1102 1288 1198 eafilium.
1389 1105 1576 1177 Ven.
1617 1107 1704 1180 de
1735 1105 1943 1178 Bruin
1978 1105 2147 1178 Diff.
2185 1106 2361 1178 laud.
2396 1129 2556 1201 pag.
2599 1116 2714 1185 81.

960 1199 1038 1275 δε
1089 1200 1291 1300 seqq.·
1326 1202 1513 1274 hunc
1584 1204 1816 1277 locum
1872 1203 2200 1276 iilustrare
2239 1201 2317 1277 ὃς
2348 1203 2713 1277 vindicare

963 1320 1320 1374 conatur:
1400 1319 1602 1372 notat
1665 1302 1764 1375 Cl.
1832 1302 2212 1401 Coccejum
2269 1301 2711 1374 Praeterit'um

959 1403 1149 1473 'Dm
1194 1398 1265 1471 in
1310 1397 1637 1471 Praesenti
1669 1421 1942 1473 vertere
1980 1455 2000 1488 ‚
2063 1404 2278 1496 ‘atque
2319 1397 2508 1472 addit
2547 1418 2576 1488 ς
2640 1399 2709 1472 se

963 1496 1231 1570 nescire
1266 1520 1471 1594 quam
1504 1496 1622 1568 hic
1663 1497 1972 1593 regulam
2021 1496 2339 1594 sequutus
2386 1493 2469 1568 fit
2505 1521 2536 1584 ‚3
2607 1517 2708 1569 at·

964 1592 1081 1690 qui
1117 1620 1208 1670 ex
1239 1593 1371 1667 hac
1392 1595 1678 1691 Cocceji
1709 1593 2198 1668 observatione
2229 1594 2445 1691 liquet
2467 1649 2487 1681 ‚
2541 1618 2705 1668 eum

964 1691 1083 1765 hic
1140 1693 1329 1767 suam
1373 1691 1580 1788 ipsius
1627 1693 1939 1788 regulam
2004 1692 2211 1789 sequi.
2315 1693 2481 1764 Hoc
2522 1714 2705 1765 vero

959 1791 1180 1863 modo
1238 1791 1428 1863 Ven.
1496 1794 1587 1862 de
1645 1790 1854 1863 Bruin
1917 1788 2255 1862 Praeteriti
2306 1790 2702 1885 analogiam

960 1887 1083 1959 hic
1122 1880 1487 1960 {vindicare
1525 1887 1812 1975 studet·‚
1869 1888 2052 1983 quod
2091 1886 2317 1961 Zarah
2345 1888 2494 1983 jam
2528 1908 2697 1960 tunc

956 1984 1171 2057 fuerit
1236 1985 1531 2080 gravida
1570 2040 1592 2072 ‚
1671 1985 1990 2082 quodque
2054 1986 2231 2059 adeo
2287 1987 2493 2059 -Deus
2554 1986 2695 2058 hoc

954 2081 1150 2156 sensu
1211 2082 1569 2177 praeterito
1632 2089 1955 2178 tempore
2025 2083 2259 2156 dicere
2330 2083 2692 2179 potuerit:

957 2198 1135 2274 atque
1192 2185 1379 2252 etiam
1423 2183 1557 2251 dedi
1616 2184 1728 2251 tibi
1782 2179 2014 2274 filium.
2114 2182 2390 2255 Verum
2457 2181 2693 2276 paullo

954 2278 1423 2351 duriusculum
1486 2296 1653 2371 tunc
1703 2280 1876 2351 mihi
1931 2274 2210 2351 videtur
2250 2334 2271 2368 ‚
2344 2281 2529 2376 quod
2577 2281 2692 2353 ad·

953 2378 1155 2454 datur
1189 2382 1398 2456 mon
1441 2379 1578 2449 dedi
1607 2381 1719 2450 tibi
1757 2401 1849 2451 Ex
1903 2401 1989 2449 EA
2025 2374 2249 2476 filium.
2349 2378 2690 2451 Praeterea

950 2475 1412 2551 vehementer
1442 2476 1683 2549 dubito
1716 2532 1738 2566 ,
1809 2501 1893 2548 an
1939 2475 2164 2548 Zarah
2202 2476 2346 2572 jam
2382 2500 2469 2548 eo
2509 2496 2689 2548 tem·

948 2573 1144 2672 poris
1177 2574 1387 2648 fuerit
1421 2575 1714 2671 gravida
1753 2595 1792 2663 ς’
1838 2575 2059 2646 immo
2128 2573 2196 2645 id
2253 2573 2429 2646 mihi
2481 2574 2687 2668 plane

947 2689 1097 2746 non
1153 2675 1474 2762 videtur,
1529 2671 1579 2746 fi
1614 2671 1968 2745 conferam
2007 2671 2405 2769 sequentem
2451 2672 2538 2744 V.
2569 2696 2686 2745 21.

944 2772 1066 2845 ubi
1114 2772 1370 2845 eodem
1421 2771 1543 2843 illo
1598 2790 1918 2865 tempore
1962 2770 2151 2843 Deus
2189 2770 2277 2841 de
2310 2767 2546 2841 Isaaco
2582 2770 2684 2842 di·

858 2937 861 2938 γ
942 2872 1079 2941 cit:
1130 2893 1302 2962 quem
1343 2873 1456 2939 tibi
1484 2875 1684 2959 pariet
1714 2871 1927 2941 Zarah
1963 2870 2064 2940 hoc
2100 2869 2296 2939 eodem
2331 2884 2588 2961 tempore
2616 2874 2679 2939 in

939 2969 1168 3054 altero,
1220 2966 1332 3039 vel
1347 2963 1629 3060 sequenti
1661 2989 1832 3038 anno.
1914 2966 2253 3063 Adeoque
2287 2966 2422 3037 hoc
2455 2966 2677 3039 modo

936 3064 1203 3139 nodum
1240 3065 1554 3136 nondum
1595 3064 1890 3136 solutum
1922 3063 2155 3137 vide0.
2259 3062 2675 3166 Quinimmo

930 3164 1133 3260 plura
1164 3163 1348 3235 mihi·
1369 3163 1556 3235 inter
1587 3163 1956 3259 legendum
1999 3180 2451 3235 occurrerunt
2490 3163 2676 3246 loca,
2707 3179 2714 3184 ’

927 3262 1049 3336 ubi
1077 3259 1511 3335 Praeteritum
1546 3267 1673 3371 im
1734 3261 1893 3332 loco
1926 3260 2285 3335 Praesentis
2321 3315 2343 3350 ,
2397 3260 2562 3357 quin
2597 3261 2676 3334 δε

928 3359 1095 3433 loco
1131 3361 1187 3430 F
1192 3359 1373 3433 uturi
1416 3362 1661 3432 venire
1686 3414 1707 3447 ,
1758 3357 1967 3432 facile
2001 3360 2152 3457 quis
2209 3357 2516 3449 diceret,
2571 3357 2673 3431 uti

931 3458 1119 3532 Gen.
1164 3456 1332 3531 XV.
1391 3465 1503 3535 18.
1572 3457 1687 3531 ubi
1738 3459 1931 3532 Deus
1984 3455 2389 3532 Abrahamo
2447 3445 2671 3531 dicit:

932 3556 1167 3634 Semini
1210 3571 1312 3629 tuo
1358 3561 1548 3632 'nm
1587 3557 1726 3630 dedi
1761 3553 1912 3629 hanc
1949 3573 2197 3629 terram.
2296 3554 2444 3630 Ubi
2490 3555 2667 3628 Prae-

932 3655 1218 3734 teritum
1268 3675 1415 3729 non
1472 3673 1742 3728 tantum
1791 3678 1922 3750 pro
1977 3652 2298 3728 Praesenti
2339 3707 2362 3741 ,
2434 3651 2548 3726 sed
2590 3651 2666 3727 ὅ(

929 3776 1060 3854 pro
1088 3755 1349 3832 Futuro
1384 3751 1962 3844 venirevidetur.
2035 3750 2294 3851 Inspici
2324 3771 2667 3850 praeterea

1619 3875 1630 3900 *
2501 3871 2667 3927 eum
