2900 4829
285 306 325 471 J
465 358 1757 470 ADAEECTOREM

362 572 495 665 Ex
551 579 711 664 hoc
758 578 1191 663 studiorum
1220 590 1534 693 ”genere
1563 605 1769 664 narae
1807 582 1990 664 sunt

252 693 372 775 hae
432 722 626 775 meae
700 693 1307 805 qualescunque
1372 695 1988 808 Dis'quifitiones

249 809 328 889 in
356 806 810 890 Genuinam
843 828 1088 919 atque
1112 808 1562 922 A’nalogam
1603 810 1994 892 Hebraeae

250 921 592 1030 Linguae
631 919 1003 1000 Indolem
1044 922 1344 1015 ratione
1379 924 1695 1005 suorum
1746 923 1997 1005 Tem-

246 1060 539 1141 porum
588 1039 672 1114 &
698 1033 1153 1127 ,Modorum
1188 1097 1215 1137 ‚
1288 1058 1491 1145 ‘quas
1533 1035 1864 1145 placido
1899 1064 1998 1127 ac

249 1145 605 1227 candido
683 1146 1002 1247 Eruditi
1066 1146 1423 1232 Le&oris
1504 1150 1850 1232 examini
1908 1155 1994 1230 ὃς

238 1258 557 1367 judicio
594 1256 727 1340 hic
773 1258 1182 1344 submitto,
1238 1348 1241 1351 ,
1286 1304 1293 1315 ·
1987 1278 2006 1306 ’-

358 1509 734 1595 Maxime
772 1507 927 1591 hoc
979 1508 1178 1590 mihi
1209 1509 1441 1590 cordi
1477 1508 1685 1612 fuit,
1747 1512 1994 1621 atque

249 1622 467 1705 adid
504 1624 726 1704 'omni
777 1650 935 1732 ope
973 1621 1287 1702 annisus
1334 1618 1457 1701 fui
1490 1682 1518 1722 ,
1577 1645 1670 1701 ut
1713 1644 2000 1704 temere

247 1737 477 1818 nimis
540 1735 918 1823 haetenus
970 1731 1329 1814 admissas
1366 1733 1872 1840 Temporum
1922 1743 2034 1818 δί’

250 1847 701 1930 Modorum
741 1844 1828 1960 qualescunque'Enallagas
1869 1848 2004 1931 seu

250 1963 715 2043 Anomalias
758 1965 837 2042 in
892 1961 1255 2041 ordinem
1292 1959 1735 2066 redigerem
1777 2006 1802 2060 3
1885 1985 2010 2043 at-

136 2164 139 2169 *
249 2101 412 2183 que
453 2074 609 2154 hoc
648 2074 893 2155 modo
926 2075 1026 2153 ab
1057 2072 1448 2177 adfricata
1479 2075 1702 2183 turpi
1742 2102 2012 2158 macu-

249 2186 328 2292 la
369 2184 794 2268 Hebraeam
831 2187 1227 2297 Linguam
1278 2208 1750 2296 purgarem,
1804 2182 2010 2296 ejusss

249 2324 413 2409 que
472 2297 949 2380 concinnam
1006 2305 1088 2380 ὃς
1128 2301 1548 2408 analogam
1597 2299 2009 2410 indolem,

249 2437 499 2522 atque
539 2411 932 2526 singulare
967 2410 1211 2524 plane
1252 2411 1496 2493 decus
1538 2410 1687 2492 hac
1723 2413 1804 2493 in
1827 2441 2007 2523 par-

216 2548 333 2626 ,te
380 2525 890 2610 restituerem.

370 2775 621 2861 Forte
658 2779 879 2863 dicat
914 2781 1147 2892 quis,
1204 2777 1361 2861 hoc
1411 2777 1567 2862 esse
1619 2802 2003 2859 conamen

254 2893 489 2974 nimis
545 2895 805 2977 audax
851 2959 877 2998 ,
952 2918 1198 3005 atque
1253 2896 1524 3001 magni
1576 2891 2008 2976 moliminis

253 3033 462 3114 opus
502 3069 529 3109 ,
602 3010 681 3087 in
744 3035 915 3118 quo
962 3009 1126 3115 jam
1180 3006 1282 3087 ab
1340 3008 1615 3116 aliquo
1652 3029 2011 3113 tempore

260 3119 449 3204 Viri
508 3120 754 3201 1)οᾶὶί
808 3119 1098 3232 insigni
1157 3120 1631 3203 eruditionis
1695 3123 1770 3200 ὃς
1830 3118 2008 3198 He-

256 3227 696 3313 braeaesLin
766 3263 884 3316 uae
927 3233 1414 3342 cognitionis
1458 3232 1846 3341 adparatu
1888 3232 2013 3309 in-

259 3342 534 3426 struffi
573 3259 857 3427 fruig'tra
887 3345 1372 3429 desudarunt
1397 3391 1421 3446 3
1459 3345 1851 3455 quodque
1873 3340 2013 3421 ad-

257 3484 395 3557 eo,
465 3458 612 3568 qui
645 3458 902 3546 hocce
939 3487 1143 3569 opus
1179 3458 1689 3570 aggreditur,
1734 3454 2014 3563 despe÷
2099 3515 2103 3532 .

258 3595 445 3653 ratae
497 3570 747 3657 causae
794 3574 1347 3686 patrocinium
1380 3573 1461 3652 in
1502 3570 1579 3652 se
1621 3567 2016 3677 suscipere

263 3685 655 3771 videatur.
770 3692 886 3773 At
936 3684 1183 3798 longe
1240 3684 1397 3767 alia
1455 3682 1656 3766 mihi
1721 3680 1874 3763 hac
1927 3679 2020 3762 in

272 3801 279 3816 ¹
444 3809 451 3816 ’
1078 3807 1137 3855 ³¹¹²
1197 3824 1258 3909 4
1788 3816 2018 3906 parte
