2900 4829
544 423 548 427 ,
629 308 938 401 Hebraae'
958 305 1222 422 Lingua
1267 305 1435 421 Dm:
1478 304 1664 400 112--
1775 424 1783 430 ‚
1846 328 1949 423 ω

204 436 493 546 quodam
535 441 897 518 Preterito
955 458 1240 514 urantur
1274 489 1299 528 ,
1380 461 1579 513 mox·
1604 437 1742 512 huc
1769 447 1945 514 *tan-

200 567 400 643 quam
438 542 521 616 ad
551 539 816 614 sacram
850 537 1234 612 anchoram
1274 536 1719 635 confugimus
1757 561 1781 625 3
1832 551 1935 611 at'-

200 666 330 739 que
377 639 465 714 fic
512 638 741 712 omnis
782 636 1066 710 ulterius
1117 635 1186 707 in
1228 634 1605 733 genuinam
1647 633 1942 730 Linguae

197 739 488 811 indolem
531 735 924 833 inquirendi
971 731 1260 806 -occafio
1325 733 1440 807 vel
1510 731 1939 830 negligitur,

175 837 306 910 ·vel
335 837 532 933 plane
567 832 1009 908 abscinditur.
1108 831 1302 903 Hinc
1351 828 1617 903 factum
1660 830 1798 918 est,
1865 847 1945 903 nt

202 932 320 1007 hac
366 934 599 1032 regula
631 928 915 1016 admissa
951 977 976 1014 ‚
1048 929 1299 1002 miram
1341 927 1878 1001 inconstantiam
1909 967 1934 1016 ‚³

201 1052 391 1130 atque
440 1034 885 1125 Temporum
924 1028 1368 1101 ’Futurorum
1418 1023 1497 1099 ἃ
1542 1025 1933 1099 Praeterito'-

200 1151 341 1201 rum
376 1154 499 1226 per
548 1149 785 1202 etnam
808 1125 958 1199 fere
992 1122 1478 1206 confusionem
1511 1124 1691 1220 apud
1712 1125 1936 1195 Inter·

200 1246 412 1321 protes
440 1253 483 1299 o
544 1225 759 1299 endas
790 1279 812 1314 ‚
865 1223 1046 1319 saepe
1078 1219 1262 1320 quafi
1303 1243 1434 1315 pro
1465 1235 1663 1294 mero
1708 1220 1931 1292 lubitu

182 1322 610 1399 -Praeteriturn
667 1319 1015 1421 quoddam
1078 1319 1194 1392 vel
1243 1317 1603 1391 Praeterito
1646 1317 1761 1389 vel
1800 1319 1852 1387 F
1856 1342 1931 1389 u-

201 1436 340 1495 turo
370 1423 732 1519 Tempore
766 1436 1122 1494 vertentes
1162 1439 1186 1504 3
1248 1415 1427 1490 adeo
1463 1434 1537 1487 ut
1568 1414 1740 1498 nihil
1776 1412 1928 1487 fere.

199 1519 355 1593 certi
388 1522 662 1595 ratione
699 1517 1142 1611 Temporum
1182 1515 1252 1585 in
1285 1512 1578 1608 Scriptis
1617 1509 1930 1604 Prophe·

198 1616 339 1691 ticis
394 1619 595 1693 nobis
674 1615 1021 1691 residuum
1090 1609 1441 1684 manserit.
1541 1606 1927 1702 Mirabitui·

199 1711 340 1788 sane
432 1717 707 1815 uisque,
758 1712 837 1787 ἀ
867 1711 1012 1785 fere
1046 1707 1547 1803 obstupescets
1577 1707 1630 1779 fi
1653 1703 1929 1778 varian‘-

200 1828 329 1900 tes,
374 1741 451 1888 gc
488 1809 785 1888 omnino
823 1807 1128 1884 diversas
1162 1806 1294 1879 hac
1334 1806 1405 1878 in
1461 1824 1659 1900 parte
1704 1804 1929 1875 Intor-

202 1930 454 2003 pretum
489 1909 840 1988 verfiones
873 1906 1201 1980 observet
1244 1924 1326 1977 ac
1383 1902 1761 1989 conferat3
1828 1918 1928 1973 at-

204 2030 316 2103 que
375 2008 492 2082 hic
528 2013 686 2107 plus
739 2028 947 2105 quam
991 2001 1387 2076 Babelicam
1441 1999 1930 2074 confufionem'

203 2105 448 2183 ratione
476 2109 922 2201 Temporum
950 2099 1303 2188 offendet,
1359 2099 1711 2194 interdum
1749 2096 1930 2168 hanc

200 2198 368 2277 suam
435 2206 787 2304 Regulam
857 2197 1484 2275 Hermeneuticam
1555 2194 1926 2268 observans

203 2300 391 2391 tium,
440 2327 614 2377 mox
646 2324 801 2376 eam
851 2299 1103 2372 iterum
1145 2295 1607 2369 deserentium
1644 2317 1663 2365 :
1735 2292 1926 2387 quod

202 2396 306 2472 nisi
350 2402 633 2476 brevior
686 2398 823 2474 effe
872 2396 1129 2469 vellem
1165 2444 1189 2479 ‚
1270 2391 1516 2489 insigni
1550 2390 1930 2484 Exemplo·

200 2510 333 2570 rum
369 2500 573 2596 copia
609 2494 1082 2572 demonstrare
1123 2489 1329 2565 facile'
1361 2488 1536 2563 mihi
1578 2486 1789 2560 foret.
1842 2484 1921 2561 Si

200 2612 353 2666 vero
390 2598 534 2672 haec
563 2653 584 2685 ,
640 2620 789 2692 quae
831 2594 1080 2667 leviter
1119 2611 1387 2663 tantum
1425 2607 1639 2682 tango
1682 2636 1700 2671 ,
1766 2599 1917 2655 non

199 2694 446 2780 prorsus
481 2695 935 2790 displiceant,
986 2692 1315 2783 Deusque
1347 2685 1566 2758 vitam
1590 2682 1917 2777 viresque¹

199 2784 533 2885 largiatur,
590 2793 779 2864 forte
813 2787 945 2861 alia
988 2784 1355 2859 occasione
1387 2838 1409 2871 ‚
1463 2799 1614 2880 quae
1645 2781 1731 2852 de
1755 2780 1918 2874 Sty-

143 2883 150 2897 *
198 2880 257 2991 ἕο
301 2890 512 2966 Verbi
559 2886 970 2986 Prophetici
1005 2940 1025 2973 ,
1090 2884 1373 2979 ejusque
1418 2877 1771 2974 Analogia
1827 2874 1921 2948 ad

198 2981 701 3064 1l¹ustrationem
722 2985 797 3060 ἃ
823 2983 1373 3057 vindicationem
1390 2978 1739 3050 variarum
1760 2974 1920 3071 par‘*

193 3080 349 3155 tium
400 3086 624 3161 Verbi
675 3080 1082 3178 Prophetici
1123 3075 1565 3166 observavi,
1630 3072 1919 3169 publico

193 3183 477 3258 examini
510 3185 628 3259 vel
664 3182 810 3256 usui
843 3180 1133 3252 tradam.

280 3278 637 3380 Postquam
676 3297 851 3353 vero
885 3277 1085 3351 nobis
1115 3276 1265 3372 jam
1296 3272 1519 3368 major
1548 3271 1669 3344 lux
1704 3265 1927 3342 adfula·

193 3368 269 3445 fit
317 3377 383 3452 in
436 3373 981 3475 interpretandis
1023 3373 1530 3468 Prophetarum
1574 3365 1916 3461 Scriptis,

194 3468 410 3550 haecce
442 3480 713 3577 Regula
748 3474 1299 3549 Hermeneutica
1346 3489 1421 3541 ut
1450 3465 1793 3540 malesana
1838 3460 1920 3535 δε

194 3573 387 3646 noxia
421 3632 440 3664 ‚
511 3599 719 3673 atque
766 3598 856 3647 ex
886 3571 1282 3669 ignorantia
1312 3566 1488 3665 Styli
1517 3558 1945 3660 Prophetiei-

195 3686 336 3745 orta
371 3675 572 3773 rejici
612 3671 847 3770 coepit.
947 3665 1158 3842 ngd
1188 3689 1361 3743 vero
1403 3676 1480 3739 ut
1510 3658 1941 3828 ratio-hujips

218 3809 224 3817 ·
809 3782 822 3790 “
871 3792 881 3805 ·
1690 3782 1825 3859 qua
1850 3779 1941 3831 is*
