2900 4829
634 406 937 481 Hebraeae
969 404 1230 502 Linguae
1257 403 1426 502 Diffi
1442 479 1445 482 ,
1459 391 1602 481 III.
1878 430 1904 482 ι
1923 418 1963 491 8
1979 434 2009 484 1

230 523 526 602 ffeossdem
558 524 774 598 modo
819 547 922 600 vs.
962 547 1031 614 5.
1082 525 1198 598 De
1234 526 1379 598 solo
1413 523 1775 598 Praeterito
1792 523 2014 600 Tem-

261 647 446 719 pore
474 623 656 695 hanc
690 621 1097 725 pericopam
1127 646 1272 698 non
1298 622 1650 717 explicem
1668 673 1693 711 ,
1746 642 1888 700 tam
1913 627 2008 700 ob

266 720 602 817 scopum,
656 743 861 819 quam
894 721 986 792 ob
1020 719 1240 815 ipsum
1273 740 1758 816 argumentum
1807 719 2008 816 hujus
2113 729 2114 736 ’

261 816 665 913 Prophetiae
702 834 820 890 aut
856 817 1143 890 Oraculi
1179 840 1199 890 ε
1271 817 1583 892 maxime
1629 817 1803 890 mihi
1851 817 2007 890 haec

138 991 147 998 ,
261 918 483 989 verba
510 916 845 987 Futurum
877 914 1193 1010 Tempus
1238 913 1586 1010 respicere
1630 916 2009 1004 videntur3

260 1011 362 1087 ita
401 1029 636 1086 tamen
668 1031 743 1085 ut
769 1033 900 1084 nec
930 1012 1362 1085 Praeteritum
1413 1013 1734 1109 Tempus
1768 1037 1807 1085 a
1849 1013 2012 1085 scis·

259 1108 459 1184 fione
499 1110 846 1182 Tribuum
881 1109 963 1182 ad
1000 1108 1139 1181 hoc
1183 1111 1746 1208 usque-Tempus
1776 1112 2007 1184 exclu·
2039 1178 2044 1183 .

260 1208 423 1281 sum
445 1206 662 1280 velim
701 1229 727 1281 t.
789 1206 973 1303 quod
1007 1207 1219 1281 etiam
1258 1231 1350 1279 ex
1381 1208 1808 1282 cohaerentia
1840 1203 2018 1282 cum‘

258 1304 693 1402 praecedenti
732 1327 839 1376 νε.
879 1326 940 1377 2.
973 1304 1131 1377 satis
1175 1305 1353 1377 mihi
1386 1306 1432 1377 li
1486 1324 1619 1380 uet.
1695 1307 1796 1379 Ea
1826 1329 2000 1380 vero

408 1419 849 1492 'occurrunt
902 1425 1008 1475 vs.
1060 1424 1128 1491 4.
1182 1401 1385 1474 unice
1477 1426 1596 1478 ere
1665 1403 2004 1477 Futurum

181 1522 184 1525 ’
224 1423 581 1596 ‹ffipus
607 1497 948 1594 respicere
972 1500 1237 1595 judico.
1270 1525 1271 1528 ¹
1304 1499 1645 1597 Adeoque
1674 1498 1815 1573 hoc
1848 1523 2004 1573 mo·

156 1683 173 1693 .
257 1597 355 1684 do
382 1596 568 1671 hanc
598 1598 1007 1691 pericopam
1039 1597 1402 1670 redderem
1440 1621 1458 1670 ε
1499 1601 1636 1671 -Sed
1662 1599 1791 1670 dies
1822 1600 2003 1670 multi

259 1696 491 1768 Israeli
522 1693 820 1790 (scilicet
841 1691 999 1787 sunt
1033 1709 1208 1787 atque
1252 1711 1427 1780 erunt
1461 1718 1483 1778 ς
1551 1699 1614 1766 in
1642 1698 1855 1789 quibus
1869 1693 2000 1789 fit)

244 1791 382 1887 fine
417 1816 564 1865 vero
596 1794 728 1864 Deo
753 1847 774 1880 ,
824 1790 1055 1883 &fine
1067 1793 1382 1886 sacerdote
1413 1795 1647 1866 docente
1681 1850 1701 1883 ,
1772 1791 1996 1885 aesino

258 1895 411 1986 Iege.
491 1892 758 1993 Quando
792 1913 934 1961 vero
970 1890 1081 1984 ipſs
1110 1890 1295 1988 (erit)
1338 1891 1625 1987 angustia
1646 1946 1667 1978 ‚
1718 1906 1863 1965 tunc
1895 1914 1968 1964 re

255 2006 532 2062 vertetur
568 1989 653 2058 ad
695 1989 1001 2080 Jchovam
1026 1991 1239 2061 ‘Deum
1270 1991 1528 2063 Israe‘lis
1549 2046 1569 2080 ‚
1621 1987 1704 2072 &²
1732 2004 2001 2084 quaerent

254 2111 395 2170 cum
417 2112 446 2174 ,·
492 2106 669 2179 atque
700 2091 1041 2158 invenietur
1080 2092 1158 2159 ab
1193 2085 1287 2159 iis.
1354 2088 1557 2181 Atque
1591 2092 1659 2160 in
1696 2090 1834 2181 istis
1874 2090 2001 2161 die·

218 2191 368 2263 ‘bus
403 2208 516 2269 non
564 2182 748 2280 (erit)
794 2202 922 2276 pax
971 2190 1216 2256 exeunti
1259 2203 1367 2256 out
1401 2189 1726 2258 introeunti
1764 2209 1812 2259 ε.
1852 2207 2001 2257 nam

252 2307 500 2380 magnae
531 2281 900 2354 turbationes
930 2282 1175 2377 (erunt)
1191 2279 1386 2376 super
1416 2307 1616 2354 omnes
1643 2285 1862 2354 incolas
1888 2285 1998 2355 ha·

254 2406 395 2455 rum
434 2383 751 2477 regionum*
778 2404 801 2466 3
867 2396 1044 2474 atque
1077 2382 1506 2452 contundentur
1534 2383 1777 2474 populus
1811 2388 1874 2453 in
1896 2398 2001 2474 po·

250 2482 506 2576 pulum,
560 2475 891 2561 &civitas
923 2485 986 2550 in
1019 2482 1372 2552 civitatem:
1422 2485 1563 2573 quia
1595 2483 1769 2554 Deus
1807 2501 2000 2552 vexa-

228 2583 423 2652 ·verit
454 2599 550 2649 eos
581 2580 742 2648 omni
775 2575 1083 2673 angustia.
1729 2594 1734 2601 “

222 2744 229 2747 ,
353 2678 556 2749 Plura
598 2673 731 2748 alia
775 2672 1171 2771 hujusmodi
1228 2673 1385 2749 loca
1419 2729 1442 2762 ,
1508 2673 1624 2748 ubi
1665 2674 2006 2750 ‘Futurum

255 2796 422 2847 cum
474 2772 644 2844 Vav
703 2771 1126 2866 Emphatico
1178 2791 1295 2845 aut
1360 2773 1697 2867 Relativo
1742 2775 2007 2846 Futuro

259 2874 629 2965 Tempore
665 2869 747 2942 sit
780 2869 1211 2945 reddendum
1240 2923 1262 2956 ,
1315 2870 1505 2945 Vide
1543 2871 1747 2944 Deut.
1770 2871 2006 2943 XVII.

259 2994 331 3066 3.
387 2966 679 3043 XXXH.
719 2990 828 3042 22.
878 2968 1124 3041 Amos.'
1160 2967 1281 3039 IX.
1314 2991 1381 3058 5.
1434 2968 1654 3043 Psalm
1689 2969 2009 3044 LXXXI.

262 3092 377 3161 17.
398 3066 613 3148 XCII.
645 3089 670 3138 1
692 3088 753 3151 1,
788 3088 817 3138 1
837 3087 893 3141 2.
915 3066 1121 3138 Prov.
1141 3066 1461 3154 XXV.4.
1489 3068 1643 3161 Job.
1667 3065 1868 3141 XIV.
1894 3088 2009 3140 10.

312 3190 315 3193 ’
359 3166 466 3237 Ex
498 3161 700 3238 dietis
732 3162 895 3236 satis
934 3161 1268 3259 superque
1297 3163 1456 3237 elici
1475 3162 1778 3260 poterit,
1804 3187 2015 3261 quam

258 3263 463 3337 vario
517 3261 734 3335 modo
783 3262 1118 3335 Futurum
1163 3282 1326 3335 cum
1376 3262 1544 3334 Vav
1588 3261 2019 3357 Emphatico

247 3381 382 3435 aut
413 3357 793 3448 Relatum,
844 3381 977 3455 pro
1019 3357 1357 3433 varietate
1394 3360 1497 3431 rei
1525 3357 1637 3433 vel
1670 3359 2015 3454 temporis

252 3457 722 3558 praecedentis
809 3458 882 3528 in
966 3455 1387 3537 vernaculis
1458 3457 1751 3554 Linguis
1820 3455 2011 3530 verti

309 3575 466 3630 ueat
499 3576 584 3628 ac
621 3553 915 3642 debeat3
969 3560 1187 3650 quum
1215 3571 1493 3644 tamen,
1546 3580 1626 3630 re
1645 3558 1823 3630 bene
1841 3578 2014 3650 pen·

195 3676 201 3683 ¹
251 3583 456 3728 squam
491 3707 512 3740 ,
567 3675 703 3724 una
736 3652 1120 3748 eademque
1163 3652 1309 3749 ejus
1341 3672 1623 3727 maneat
1661 3651 2012 3747 potestas:

257 3750 585 3852 quodque
633 3748 1289 3924 nullibi--hocMVav
1343 3749 1586 3825 Futuri
1623 3773 1794 3827 vere
1831 3752 2022 3825 con.

1195 3871 1235 3945 3
1857 3869 2026 3924 Ver·-
