2900 4829
2259 228 2312 245 §a

904 321 1005 434 5'6
1112 325 1124 340 ’
1163 330 1167 335 ’
1208 337 1516 436 Analogia
1547 309 1920 433 Tempomm‘
1936 331 2021 420 ξδ-
2051 334 2379 424 Medorum

904 455 1123 553 modo
1147 474 1224 530 ut
1239 454 1903 555 Plusquamperfeffl
1934 457 2274 552 temporis
2308 453 2648 545 habenda,

909 578 1063 664 quae
1099 554 1494 633 ‘occurrunt
1544 555 1701 652 Jud.
1747 556 1835 626 11.
1890 559 2153 627 6-10,
2207 553 2423 650 liquet
2467 553 2659 626 enim

911 677 1007 728 ex
1035 651 1209 727 serie
1246 649 1591 740 historiae,
1644 651 1828 725 hanc
1864 653 2339 725 narrationem
2384 651 2660 725 ratione
2736 706 2740 708 ψ
2855 666 2856 703 1

915 750 1258 846 temporis
1294 772 1438 822 non
1466 748 1904 829 referendam
1938 751 2024 821 ad
2056 749 2465 822 immediate
2483 772 2664 854 prae·
2763 791 2772 797 ·
2855 808 2856 815 ,

915 845 1298 934 cedentia3
1367 846 1485 920 sed
1523 842 1618 920 'ad
1672 871 1758 920 ea
1794 902 1816 936 ,
1886 869 2039 943 quae
2090 865 2253 919 ante
2306 850 2385 920 ὅτ
2422 846 2666 942 paullo

911 941 1074 1040 post
1120 962 1425 1021 mortem
1479 944 1705 1039 Josuae
1756 944 2150 1018 acciderant
2194 999 2216 1034 ,
2290 968 2443 1051 quae
2514 945 2669 1041 jam

911 1061 1191 1115 narrata
1224 1060 1425 1116 erant
1457 1042 1600 1137 Jos.
1648 1042 1912 1116 XXIV.
1964 1050 2285 1134 2¹8ae-32.
2333 1043 2415 1113 In
2442 1042 2660 1114 citato

911 1138 1244 1236 Judicum
1314 1140 1476 1212 loco
1531 1132 1911 1215 maximam
1957 1160 2234 1235 partem
2282 1157 2664 1212 occurrunt

913 1238 1174 1311 Futura
1206 1261 1364 1310 cum
1406 1238 1681 1319 Vavvis
1719 1235 1922 1311 dietis
1957 1234 2406 1310 Converfivis
2441 1262 2464 1326 ;
2515 1259 2665 1334 quae

917 1333 1136 1419 etiam
1184 1336 1534 1409 Hebraeos
1569 1334 1672 1407 uti
1715 1332 2167 1431 Imperfeffi,
2216 1333 2315 1408 ita
2365 1332 2444 1409 δε
2488 1337 2676 1408 Plus-

923 1430 1432 1529 quamperfeffi
1472 1433 1637 1513 loco
1684 1454 1951 1537 ponere
1984 1488 2008 1522 ,
2084 1429 2273 1506 infra
2317 1431 2438 1509 suo
2505 1433 2671 1505 loco

908 1529 1312 1604 videndum
1343 1530 1499 1604 erit.

900 1684 903 1689 .
1023 1629 1383 1702 Interdum
1424 1651 1601 1702 vero
1636 1630 1928 1719 accidit,
1980 1646 2058 1703 ut
2086 1652 2195 1702 res
2232 1628 2551 1734 quaedam
2581 1627 2673 1702 ad

925 1727 1265 1800 remotius
1304 1727 1655 1824 quoddam
1707 1728 2043 1824 temporis
2090 1740 2530 1801 momentum
2588 1725 2673 1799 fit

923 1824 1350 1915 referenda3
1421 1824 1538 1896 ubi
1586 1844 1819 1898 tamen
1869 1849 1959 1898 ex
2008 1823 2215 1920 ipfius
2250 1823 2669 1900 narrationis

836 1950 863 1969 ν
927 1921 1462 1994 circumstantiis
1514 1944 1659 2001 non
1707 1921 1915 1997 facile
1962 1921 2220 2021 liqueat
2256 1978 2277 2011 ,
2350 1947 2522 1996 num
2581 1921 2672 1995 ad

926 2019 1213 2092 ulterius
1261 2019 1609 2116 quoddam
1662 2020 2064 2114 praecedens
2120 2039 2396 2118 ternpus
2439 2019 2523 2094 fit
2561 2043 2668 2093 re·

912 2114 1250 2205 ferenda,
1304 2138 1435 2189 nec
1473 2140 1606 2204 ne3
1655 2141 1880 2215 neque
1910 2118 2124 2190 etiam
2184 2120 2269 2192 ad
2318 2118 2668 2217 quodnam

812 2294 819 2302 ,
923 2213 1212 2287 istorum
1255 2215 1719 2298 remotiorum
1764 2235 2163 2311 temporum
2203 2270 2225 2298 ,
2292 2216 2343 2289 fi
2376 2217 2516 2290 duo
2555 2213 2671 2287 vel

921 2312 1126 2407 plura
1179 2311 1311 2385 sint
1346 2367 1367 2400 ,
1437 2312 1627 2386 suam
1677 2312 1929 2387 habeat
1977 2314 2412 2392 relationem.
2499 2310 2667 2386 ‘Ubi

894 2411 1024 2485 'ita
1058 2436 1167 2485 res
1192 2410 1401 2506 plane
1438 2410 1646 2484 dubia
1674 2411 1901 2501 foret,
1953 2435 2040 2486 an
2076 2410 2480 2508 Imperfeffl
2508 2467 2530 2501 ,
2578 2434 2665 2485 an

862 2537 867 2540 Ἴ
924 2533 1099 2583 vero
1127 2507 1787 2607 plusquamperfeffi
1820 2510 2162 2606 temporis
2190 2510 2273 2583 fit
2307 2509 2665 2600 habenda,

919 2608 1214 2693 invenio
1286 2608 1635 2680 Hebraeos
1681 2662 1705 2698 ‚
1782 2626 1857 2680 ut
1914 2606 2098 2680 hanc
2163 2608 2668 2704 amphiboliam

919 2707 1197 2787 evitent
1238 2759 1259 2793 ,
1328 2702 1698 2786 summaria
1750 2704 2045 2802 quadam
2091 2728 2181 2778 ex
2208 2704 2667 2802 praecedenti·

916 2805 1048 2877 bus
1085 2801 1509 2895 repetitione
1543 2801 1855 2875 indicare
1879 2858 1901 2893 ,
1953 2826 2091 2900 quo
2131 2803 2258 2877 ista
2292 2828 2402 2877 res
2439 2859 2460 2893 ‚
2514 2826 2669 2901 quae

828 2921 833 2928 ’
914 2900 1195 2979 ratione
1229 2898 1495 2976 ordinis
1529 2900 1870 2994 temporis
1901 2900 2295 2996 ὕστερολὸγῳς
2323 2920 2698 2991 narratur„

920 2996 1006 3069 fit
1035 2993 1419 3069 referenda.
1476 2996 1707 3091 Hujus
1734 2998 1835 3069 rei
1874 3002 2279 3097 exemplum
2306 3024 2398 3073 ex
2429 2999 2666 3076 multis

921 3121 1073 3196 aliis
1120 3117 1349 3195 exstat
1388 3142 1430 3202 2.
1486 3119 1750 3196 Chron.
1798 3120 2064 3197 XXIV.
2117 3145 2183 3216 7.
2263 3092 2547 3205 ΊΠῦΠΡ
2588 3127 2669 3197 ’3

924 3255 1086 3328 mn
1143 3214 1427 3327 :amba
1487 3252 1630 3322 wa
1673 3255 1795 3322 rm
1849 3252 2034 3327 im
2087 3233 2263 3327 rma
2315 3255 2671 3333 nitu-mn

925 3345 1248 3463 tnw‘wn‘v
1290 3387 1439 3465 wir
1471 3384 1660 3457 mn*
1707 3387 1847 3457 w:
1875 3385 2083 3485 *unp
2111 3350 2215 3458 Β)
2260 3384 2432 3454 Nam
2468 3384 2672 3456 Atha-

924 3479 1049 3549 liah
1101 3479 1291 3552 adhuc
1332 3483 1511 3571 impie
1558 3495 1774 3574 agente
1807 3478 1940 3578 filii
1973 3486 2108 3579 ejus
2125 3491 2530 3573 perruperant
2568 3487 2665 3554 do·
2705 3551 2721 3564 ,

922 3600 1092 3646 mum
1129 3578 1258 3649 Dei
1276 3602 1298 3661 t,
1346 3595 1525 3680 atque
1560 3580 1745 3649 etiam
1791 3583 1996 3653 omnia
2043 3581 2239 3652 Sacra
2286 3582 2494 3658 domus
2545 3580 2668 3675 Je-

923 3699 1090 3782 hovae
1147 3717 1507 3790 aptaverant
1562 3702 1803 3775 Baalis.
1901 3704 2044 3778 Ubi
2102 3702 2331 3790 verbis
2390 3690 2669 3787 277³an

856 3821 859 3824 ’
915 3801 1270 3906 DVW'JDH
1290 3801 1688 3892 indicatur,
1738 3823 1931 3909 rem,
1983 3826 2135 3901 quae
2166 3800 2285 3877 hic
2304 3821 2664 3888 narratur,

746 3927 760 3934 ’
1645 3941 1658 3965 s
2517 3920 2662 3979 non
