2900 4829
253 545 260 552 .
335 544 344 548 ,
611 457 924 554 Hebraeae‘
952 455 1216 556 Lingua
1261 453 1432 558 Diffi
1469 449 1617 537 IL*
1856 453 1964 563 75·

203 574 669 672 uertendum)
740 603 782 652 a
851 599 988 677 quo
1070 581 1484 677 dependeat.
1608 581 1713 655 At
1778 601 1960 659 vero

204 680 391 754 flam
430 677 690 754 Futuro
742 678 1111 775 Tempore
1166 681 1304 753 erit
1360 681 1778 755 vertendum
1815 737 1838 774 ,
1906 679 1964 772 ss

200 773 565 874 praeeedat
603 775 737 854 *vel
788 776 1106 876 sequatur
1172 771 1513 853 Futurum
1571 779 1892 877 Tempus
1930 838 1963 878 ,

202 874 356 987 (vel
407 875 629 948 etiam
684 870 1118 964 Praeteritum
1164 874 1239 952 in
1286 897 1366 952 re
1410 877 1707 980 Futura)
1745 896 1787 954 a
1818 899 1963 979 quo

200 973 627 1070 dependeat,
730 973 941 1076 Quod
993 973 1118 1048 nisi
1177 975 1642 1062 vehementer
1696 976 1899 1052 fallar
1934 1034 1967 1072 2

201 1065 415 1158 facile
480 1073 801 1146 locorum
869 1071 1277 1149 induetione
1355 1075 1644 1172 probari
1705 1075 1959 1178 poffet.

198 1169 618 1268 Posterioris
649 1169 850 1267 hujus
908 1171 1101 1246 casus
1133 1228 1156 1263 ‚
1242 1173 1360 1247 ubi
1403 1175 1580 1249 fl'm
1619 1199 1660 1248 a
1687 1193 1957 1272 praece·

197 1268 399 1342 denti
431 1270 547 1344 vel
599 1268 910 1367 sequenti
949 1273 1211 1345 Futuro
1258 1272 1695 1369 dependeat,
1747 1293 1958 1373 atque

193 1367 411 1464 proin
447 1369 712 1440 Futuro
745 1364 1289 1458 vertendumfit
1316 1426 1339 1461 ,
1391 1371 1741 1470 Exempla
1774 1397 1958 1470 quae-

194 1466 304 1538 vis
343 1464 497 1548 fere
530 1465 724 1539 Sacri
740 1467 1021 1540 Codicis
1061 1466 1315 1564 pagina
1346 1469 1775 1543 abundanter
1806 1470 1959 1567 sup·

245 1563 535 1642 editat:
602 1589 810 1665 quam
860 1568 953 1638 ob
1006 1589 1160 1638 rem
1194 1565 1348 1640 haec
1378 1586 1626 1642 notare
1670 1566 1956 1640 omitto.

242 1662 460 1737 rioris
509 1670 681 1740 vero
741 1661 935 1748 casus
983 1718 1004 1751 ‚
1068 1660 1188 1742 ubi
1229 1667 1406 1740 ΠἫῚ
1447 1689 1489 1736 a
1525 1662 1957 1761 praecedenti

165 1760 309 1852 ⁴vel
347 1759 661 1859 sequenti
703 1762 1068 1835 Praeterito
1117 1761 1513 1857 dependeat
1542 1818 1565 1854 ,
1638 1763 1983 1863 adeoque⁴

187 1860 558 1935 Praeterito
579 1859 947 1956 Tempore
982 1857 1066 1936 fit
1094 1860 1566 1952 reddendum,
1602 1859 1954 1959 Exempla
2000 1879 2005 1886 ·

188 1959 429 2053 paullo
486 1957 641 2032 sunt
687 1959 1004 2033 rariorat
1092 1978 1522 2057 quapropter
1572 1953 1727 2034 haec
1773 1978 1955 2035 noto

185 2056 372 2132 Gen.
415 2059 506 2134 Π.
546 2077 660 2132 10.
712 2057 834 2131 IX.
869 2079 984 2153 13.
1031 2053 1165 2131 Ex.
1184 2055 1424 2132 XVII.
1457 2080 1571 2131 11.
1620 2053 1950 2138 XXXIII.

184 2165 258 2250 7,
311 2169 382 2246 8,
433 2179 506 2248 9.
565 2151 899 2249 ,J0s..1X.
967 2177 1077 2229 12.
1205 2154 1317 2229 ud.
1372 2155 1465 2231 11.
1505 2157 1617 2239 18.
1706 2153 1843 2231 VI.
1881 2181 1951 2255 3.

183 2278 219 2331 1
249 2256 444 2334 Satn.
473 2251 704 2332 XXV.
746 2276 862 2328 20.
913 2251 1158 2340 XXVI
1197 2307 1216 2326 .
1252 2275 1367 2330 12.
1423 2249 1564 2352 Jes.
1603 2251 1728 2330 IX.
1757 2278 1831 2348 4.
1932 2333 1937 2346 .

282 2352 501 2459 Quod
546 2361 722 2427 vero
769 2351 859 2429 ad
906 2349 1430 2428 distinCtionem
1475 2351 1730 2428 attinet
1761 2355 1950 2432 inter

179 2455 355 2538 Vav
378 2508 402 2544 ,
455 2453 644 2553 quod
692 2450 951 2526 dicitur
998 2449 1409 2547 fimpliciter
1467 2450 1943 2547 copulativam.

177 2551 262 2628 δι
295 2551 483 2627 inter
514 2550 682 2629 Vav
708 2545 1134 2644 Converfivum
1153 2600 1177 2639 ‚
1226 2546 1381 2644 (seu
1445 2549 1584 2623 uod
1608 2548 1789 2623 mihi
1812 2575 1949 2649 po·

176 2653 317 2725 tius
357 2650 718 2725 Relativum
756 2648 859 2723 est
939 2640 1262 2759 quodque
1298 2672 1399 2748 pa
1479 2672 1554 2722 m
1588 2649 1808 2725 verba
1852 2674 1947 2725 ex

171 2747 547 2846 penacutis
593 2765 801 2837 acuta
880 2767 1021 2825 aclt
1050 2801 1075 2837 ,
1141 2764 1243 2819 ita
1278 2743 1461 2819 mihi
1503 2737 1945 2824 sentiendum

171 2847 459 2922 videtur
490 2868 510 2919 ε
563 2845 842 2947 quando
883 2843 1323 2920 Praeteriturn
1357 2848 1533 2919 cum'
1568 2840 1734 2921 Vav
1757 2869 1941 2944 prae·

170 2945 323 3029 fixo
359 2944 560 3020 venit
587 2943 749 3039 post
784 2944 968 3022 aliud
989 2943 1424 3019 Praeteritum
1492 2986 1497 2990 -
1567 2938 1708 3018 uod
1738 2943 1937 3026 abso-

167 3038 414 3117 lute&
449 3042 646 3117 omni
674 3041 894 3117 modo
915 3038 1354 3145 Praeteritum
1384 2999 1515 3131 eit,
1633 3064 1723 3115 nc
1751 3040 1934 3117 nihil

167 3139 514 3239 fingulare
558 3138 724 3217 huic
773 3139 1135 3216 Prae'terito
1175 3138 1442 3215 *accidit
1476 3194 1498 3227 ‚
1564 3156 1799 3249 neque
1848 3137 1931 3221 vi

165 3239 306 3315 suae
342 3237 701 3323 relationis
745 3233 1779 3336 ad'praeceden's,Praeter1tum
1827 3237 1932 3315 ul·
1994 3324 1999 3343 ,
2104 3224 2109 3229 ‚
2300 3279 2315 3335 ·,

165 3338 311 3413 lam
348 3336 526 3413 subit
552 3334 1070 3425 mutationem3
1118 3332 1258 3426 est,
1303 3348 1685 3434 manetque
1721 3328 1925 3409 abfo-

162 3437 313 3531 Iute
350 3436 430 3517 δε
465 3436 664 3519 omni
697 3430 915 3535 modo
960 3432 1401 3511 Praeteritum
1427 3490 1456 3536 ,
1502 3430 1615 3509 uti
1643 3452 1817 3508 mox
1842 3430 1921 3534 §-

162 3537 327 3634 Seq.
372 3532 687 3635 Num.1.
737 3534 1059 3632 patebit:
1126 3530 1301 3612 adeo
1352 3555 1441 3609 ue
1488 3528 1615 3607 hic
1651 3530 1921 3611 nullam·

160 3630 456 3725 Hebraei
500 3632 1064 3732 ponuutnotam
1098 3631 1312 3709 dhara
1385 3629 1755 3707 §tristiam
1834 3631 1919 3710 81

158 3755 338 3819 vero
381 3733 824 3825 Praeteritum
866 3755 1029 3809 cum
1062 3731 1234 3809 Vav
1268 3730 1565 3830 praefixo
1602 3730 1695 3807 ob
1731 3730 1921 3808 rela-

157 3831 431 3909 tionem
470 3833 898 3911 adverbum
923 3829 1331 3945 praecedens
1370 3820 1724 3934 quandam
1757 3824 1917 3904 sub·

153 3951 268 4037 33²
297 3931 790 4047 §putationem
810 3986 837 4029 2
903 3944 1009 4013 uu
1044 3927 1330 4043 quaudo⁴
1357 3931 1472 4012 ob.
1501 3920 1925 4104 moedssnus
