2900 4829
543 380 858 455 Hebraeae
893 380 1172 476 ‘Lingua
1217 377 1385 477 Diff.
1417 381 1561 457 III.
1724 413 1733 420 ³
1815 408 1983 479 πμ,

194 499 497 597 cipum„
567 493 747 568 nihil
806 491 959 567 fere
998 515 1088 565 eo
1118 489 1534 592 significabit
1564 494 1838 573 Baruch
1865 499 1959 573 de

195 595 417 672 modo
451 648 476 685 ‚
558 615 704 690 quo
770 589 925 665 haec
989 593 1206 668 verba
1258 591 1665 691 scripserit,
1732 619 1964 695 neque

199 694 581 794 quicquam
617 689 768 764 fere
806 688 992 764 aliud
1035 688 1484 788 respondebit
1525 746 1550 782 ‚
1613 691 1741 767 nifi
1770 695 1965 792 quod

198 815 277 870 ut
307 790 684 903 cognitum
719 806 924 885 atque
959 786 1117 861 satis
1162 790 1606 887 exploratum
1638 791 1712 864 in
1746 791 1961 868 inter·

198 908 578 987 rogauone
602 885 1039 982 propositum
1059 905 1243 960 erat:
1296 912 1458 961 nam
1483 890 1669 985 quod
1690 888 1962 966 Baruch

200 988 280 1064 in·
309 984 768 1084 responslone
817 984 1023 1060 addat
1063 990 1231 1060 1³1:
1253 983 1335 1081 se
1365 990 1499 1060 haec.
1519 1002 1857 1063 atramento
1894 992 1962 1060 in

199 1088 529 1174 boaLfbro
544 1079 891 1180 scripstffe,
944 1080 1016 1154 id
1058 1081 1238 1155 mihi
1274 1084 1565 1181 proprie
1595 1108 1742 1161 non
1770 1085 1965 1161 vide·

204 1204 309 1257 tur
347 1181 554 1256 fuifl'e
586 1180 884 1254 intentio
923 1178 1125 1276 hujus
1155 1180 1735 1279 interrogationis
1768 1184 1965 1258 Prin·

205 1282 440 1377 cipum
483 1306 508 1370 3
581 1303 745 1352 nam
795 1277 867 1350 id
923 1277 1144 1351 oculis
1194 1277 1326 1351 suis
1357 1280 1519 1353 satis
1561 1279 1804 1354 videre
1839 1304 1967 1377 po-

207 1398 455 1453 terant.
563 1377 905 1471 Adeoque
937 1375 1111 1447 nihil
1149 1375 1301 1449 fere
1333 1376 1619 1450 restabit
1652 1434 1672 1469 ,
1724 1377 1850 1452 nis1
1887 1396 1968 1450 ut

207 1477 556 1566 dicamus„
613 1472 1006 1546 Baruchum
1025 1474 1331 1548 maxime
1350 1474 1473 1547 usu
1492 1476 1733 1548 Futuri
1760 1482 1968 1582 R'tp'

208 1584 319 1659 hic
353 1585 752 1683 significare
782 1583 967 1657 velle
1003 1584 1292 1656 modum
1318 1639 1339 1672 ,
1391 1606 1530 1681 quo
1569 1584 1722 1657 haec
1749 1588 1967 1674 verba
2079 1583 2101 1598 χ

210 1682 586 1781 scripserit.
678 1685 922 1779 Itaque
951 1679 1351 1755 'verosimile
1393 1680 1572 1755 mihi
1606 1681 1965 1778 redditur,

211 1778 356 1852 haec
415 1780 723 1855 Baruchi
776 1780 995 1853 verba
1063 1778 1614 1876 quodammodo
1657 1780 1968 1877 elliptica

213 1876 387 1967 effe3
440 1900 656 1978 atque
704 1877 788 1951 ad
839 1877 1250 1951 sententiam
1287 1876 1773 1952 absolvendam
1820 1879 1965 1952 hoc

212 1979 326 2048 vel
357 1975 586 2052 {imile
646 1975 809 2075 quid
854 1975 1311 2071 supplendum
1365 1974 1504 2051 esse
1558 1983 1737 2052 mn*
1784 1983 1968 2055 ἾΨΝ

207 2075 371 2168 2³5&
419 2103 590 2173 ἿΞἾ
673 2091 894 2194 Quale
946 2091 1111 2188 quid
1159 2090 1277 2163 hic
1328 2092 1705 2167 commode
1736 2093 1970 2188 repeti

213 2206 414 2285 atque
469 2189 781 2284 suppleri
834 2187 1065 2285 potest
1111 2211 1201 2262 ex
1250 2212 1354 2263 vs,
1392 2210 1458 2262 2.
1515 2188 1592 2264 ἅ
1639 2212 1711 2280 4.
1746 2189 1967 2287 'hujus

212 2287 377 2382 Cap.
429 2287 787 2385 Adeoque
822 2288 963 2361 hoc
998 2287 1212 2359 modo
1251 2287 1461 2383 plene
1490 2285 1632 2359 hoc
1669 2288 1968 2370 Baruchi

215 2384 623 2480 responsum
665 2402 1020 2459 verterem
1056 2407 1075 2458 τ
1142 2407 1216 2457 ea
1252 2440 1273 2475 ,
1341 2409 1473 2481 quae
1520 2387 1808 2482 Jehovah
1855 2385 1970 2481 ipsi

217 2481 485 2576 loquutus
531 2500 669 2556 erat
690 2533 713 2571 ,
764 2499 901 2554 tunc
939 2482 1053 2555 vel
1095 2484 1230 2554 dein
1257 2487 1688 2575 pronuntiabat
1716 2488 1866 2558 mihi
1887 2508 1969 2557 ex

218 2603 313 2651 ore
341 2580 485 2676 suo.
593 2581 759 2667 Hoc
811 2583 1025 2655 modo
1084 2581 1337 2677 aliquid
1390 2580 1805 2678 fignificabit
1840 2584 1969 2656 Ba-

219 2680 470 2753 ruchus
507 2679 600 2753 de
633 2677 846 2751 modo
882 2733 904 2768 ,
973 2702 1107 2774 quo
1136 2677 1288 2750 haec
1321 2678 1708 2774 scripserit3
1759 2699 1969 2779 atque

223 2773 355 2848 hoc
403 2777 530 2851 suo
583 2778 876 2872 abrupto
928 2773 1258 2871 responso
1309 2776 1591 2849 videtur
1629 2776 1804 2849 mihi
1836 2780 1967 2853 Ba-

222 2872 474 2967 ruchus
496 2868 525 2965 ‘‚'
567 2873 760 2947 sorte
793 2892 937 2969 prae
969 2892 1160 2945 metu
1197 2928 1218 2964 ,
1285 2874 1520 2969 paullo
1555 2872 1742 2948 teste
1779 2876 1969 2951 testi-

225 2973 543 3046 monium
581 2971 744 3045 dare
776 2970 965 3044 hisce
997 2970 1426 3045 sermonibus
1460 2972 1786 3066 Jeremiae
1815 2993 1967 3049 tan-

228 3092 431 3162 quam
466 3069 755 3143 Divinae
790 3068 1078 3165 originis
1103 3125 1125 3160 ,
1179 3088 1422 3165 utpote
1455 3093 1624 3166 quos
1639 3070 1969 3168 Jehovah

227 3163 350 3259 ipfi
392 3168 854 3242 revelaverat.

320 3265 540 3339 Forte
572 3282 773 3362 putet
802 3264 950 3365 quis
984 3318 1006 3354 ‚
1076 3265 1200 3338 has
1239 3264 1627 3364 similesque
1661 3267 1973 3362 abruptae

232 3364 564 3437 orationis
603 3363 868 3459 species
902 3362 1415 3458 prorsus—duras
1454 3382 1660 3460 atque
1708 3365 1974 3437 inaudi-

233 3478 334 3531 tas
369 3461 545 3536 effe:
596 3481 666 3536 at
704 3460 787 3534 fit
820 3460 917 3534 ita
948 3460 1020 3533 in
1052 3459 1282 3534 nostra
1307 3464 1705 3537 Vernacula
1742 3463 1977 3536 aliave*

234 3555 501 3655 Lingua
547 3585 570 3649 3
637 3583 847 3655 quum
901 3558 1191 3654 proprie
1237 3560 1448 3637 talem
1483 3560 1727 3645 Futuri
1772 3560 1978 3634 Rela-

237 3653 463 3730 tivum
510 3658 707 3730 usum
739 3678 880 3729 non
915 3656 1369 3750 agnoscamus
1406 3662 1432 3730 :‘
1498 3676 1569 3730 at
1605 3659 1810 3752 plane
1843 3657 1978 3733 alia

235 3749 333 3826 est
385 3754 519 3830 hac
565 3756 638 3859 in
685 3774 888 3854 parte
929 3751 1274 3847 Hebt'aeae
1322 3755 1613 3852 Linguae
1664 3754 1982 3846 indoles;

837 3904 840 3907 -
1624 3912 1664 3929 .,
1760 3875 1989 3952 neque
