2900 4829
589 398 903 472 Hebraeae.
938 398 1204 491 Linguae
1250 395 1417 491 Diffi
1454 397 1503 469 I
1498 347 1601 470 HJ
1833 421 1868 478 ι
1882 404 1974 488 65

129 492 175 513 ⁹
222 491 504 612 Jeme.
605 514 745 588 Sed
805 515 920 587 hic
966 514 1116 587 fere
1159 514 1575 610 objefflonis
1628 515 1791 589 loeo
1830 516 1978 591 ene

223 613 484 711 postet,
538 612 724 710 quod
757 614 1004 685 dentur
1034 612 1190 685 loca
1220 667 1241 701 ‚
1276 614 1383 683 'in
1423 613 1668 709 quibus
1700 632 1972 689 tantum

209 709 528 786 dicitur:
597 714 693 782 hic
745 726 855 782 aut
906 712 1007 783 ille
1054 712 1199 783 Rex
1240 717 1550 805 >regnavit
1599 726 1684 783 tot
1737 734 1966 802 annos,

221 827 312 943 ²31
353 868 536 950 ΨΜ
576 857 662 946 &²
703 849 840 937 dein
875 860 1044 959 fecit
1089 862 1317 944 malum
1372 866 1435 934 in
1464 864 1646 935 oculis
1680 864 1965 955 Jehovae.

216 957 427 1128 guod
478 957 748 1048 sensum
797 960 1005 1057 plane
1047 960 1580 1036 incommodum
1614 960 1984 1044 funderet,

297 1054 637 1151 ujusmodi
669 1059 828 1132 loca
861 1058 1032 1133 Vid.
1088 1058 1326 1155 2Reg,
1356 1058 1519 1133 XV.
1557 1082 1673 1149 17,
1705 1067 1814 1150 18,
1844 1083 1879 1133 2
1891 1061 1961 1159 gg

218 1173 337 1243 24,
376 1175 498 1247 27,
542 1149 776 1241 28.‘&
807 1155 991 1230 alibi.
1089 1156 1364 1230 Verum
1418 1156 1494 1229 in
1554 1156 1663 1230 his
1717 1156 1893 1231 locis
1938 1221 1962 1257 ,

217 1284 416 1362 atque
446 1265 615 1360 ‚aliis
659 1268 1004 1365 parallelis
1057 1268 1448 1376 supplerem
1500 1259 1724 1379 Ἶθῢῆ
1775 1273 1968 1369 quod

220 1379 294 1457 ἃ
321 1381 566 1480 passim
609 1411 649 1460 a
696 1388 931 1485 Belgis
973 1386 1468 1484 interpretibus
1522 1386 1965 1463 observatum

218 1481 423 1555 video
463 1507 488 1572 3
549 1482 690 1557 hoc
738 1485 934 1559 sensu
974 1509 991 1561 ε
1059 1486 1160 1557 hoc
1204 1485 1318 1558 vel
1372 1488 1471 1557 illo
1512 1500 1774 1578 tempore
1814 1488 1961 1559 Rex

213 1599 450 1655 creatus
467 1579 656 1675 fuit3
707 1580 792 1665 δ’
821 1586 1104 1679 regnavit
1137 1600 1219 1655 tot
1255 1606 1463 1663 annos!
1527 1582 1972 1680 Hujusmodi.

210 1678 480 1776 Ellipfis
536 1681 794 1755 velex
848 1680 1008 1777 ipsis
1056 1680 1161 1753 his
1197 1681 1373 1756 locis
1407 1680 1568 1755 satis
1593 1684 1960 1778 probatur.

209 1775 318 1848 Sic
347 1799 386 1852 2
425 1779 613 1875 Reg.
647 1778 810 1851 XV.
850 1801 969 1874 27‚
1004 1777 1263 1852 dicitur
1294 1800 1315 1853 t
1364 1780 1544 1852 Anno
1586 1784 1848 1874 quinqua
1890 1805 1976 1854 ew

196 1872 352 1965 fimo
378 1874 651 1972 jhc-undo
694 1875 961 1949 Azarioe
1019 1878 1214 1972 Regis
1263 1877 1459 1972 Judae
1516 1882 1802 1974 regnavit
1889 1905 1966 1952 eu

112 2044 121 2052 ,
203 1976 341 2045 kach
373 1978 611 2076 viginti
647 1998 851 2045 annos.
954 1974 1162 2049 Certe
1208 1975 1279 2048 in
1318 2002 1459 2050 uno
1505 1999 1690 2049 anno
1729 1974 1951 2076 Regis
1988 2056 1994 2064 ,

204 2070 479 2145 Azariae
521 2071 804 2158 „Pekach
853 2094 997 2150 non
1045 2074 1276 2167 potuit
1333 2099 1631 2169 regnare
1696 2074 1954 2171 viginti
2035 2076 2043 2083 ’

209 2191 464 2244 annos:
520 2188 726 2265 atque
767 2170 943 2243 adeo
980 2168 1123 2243 hoc
1155 2170 1270 2243 vel
1300 2171 1503 2243 simili
1537 2171 1753 2244 modo
1796 2173 1952 2245 haec

207 2270 414 2341 verba
460 2266 866 2366 supplenda
900 2285 1157 2342 erunt:
1238 2268 1414 2339 Anno
1475 2269 1955 2363 quinquagefimo

187 2361 443 2458 stcuudo
477 2366 744 2443 Azariae
766 2390 1038 2463 regnare
1070 2370 1240 2461 acepit
1282 2368 1515 2439 Pckach
1536 2419 1556 2450 ,
1612 2349 1695 2448 ἐξ
1730 2392 1950 2462 regna·

174 2462 290 2536 'vit
322 2469 553 2561 viginti
580 2488 791 2537 armos.
892 2467 1063 2549 Hoc
1107 2465 1323 2538 modo
1375 2465 1490 2536 hic
1542 2465 1676 2538 erit
1723 2464 1949 2562 figura

200 2560 592 2651 rhetorica,
647 2587 798 2659 quae
838 2561 1160 2658 Syllepfis
1199 2559 1310 2634 seu
1345 2561 1801 2659 Brachylogia
1846 2563 1950 2634 di-

202 2660 375 2733 citur
412 2716 435 2749 ,
505 2684 713 2758 quarn
766 2660 844 2734 &
897 2662 1096 2756 supra
1158 2659 1685 2732 observavimus
1742 2661 1954 2758 hujus
2027 2742 2030 2750 f

197 2756 362 2832 Diff.
398 2757 459 2856 §.
503 2759 555 2828 l.
598 2759 681 2830 ad
719 2759 951 2830 locum
982 2757 1113 2854 Jes
1153 2759 1470 2832 XXXIX.
1517 2783 1581 2853 3.

288 2858 376 2927 11.
433 2856 759 2928 Secundo
813 2858 972 2928 loco
1020 2855 1135 2927 hic
1182 2859 1564 2929 notandum
1607 2912 1627 2945 ‚
1699 2855 1948 2952 saepius

195 2950 343 3026 fieri
380 3009 402 3042 ,
470 2973 555 3026 ⁴ut
583 2954 817 3048 primo
857 2954 1170 3050 quaedam
1203 2955 1591 3049 generalius
1638 2956 1947 3049 praemit·

197 3068 427 3124 tantur
465 3107 486 3140 ,
568 3075 719 3147 quae
772 3051 935 3125 dein
983 3052 1339 3146 specialius
1386 3071 1506 3125 aut
1540 3076 1667 3147 per
1705 3073 1943 3150 partes
2003 3082 2020 3099 ‘

192 3168 655 3244 repetuntur3
705 3149 776 3222 in
809 3174 945 3246 quo
983 3149 1364 3244 praesertim
1400 3149 1760 3247 singularis
1791 3152 1944 3225 He·

192 3246 415 3321 braeae
468 3246 769 3342 Linguae
806 3247 1050 3342 genius
1079 3247 1571 3321 observandus.
1674 3248 1792 3320 Sic
1831 3249 1947 3322 ad·

190 3347 486 3417 modum
503 3343 782 3418 solitum
803 3344 906 3417 est
925 3346 1243 3417 I-Iebraeis
1262 3402 1282 3434 ‚
1317 3346 1386 3418 in
1407 3343 1943 3420 continuatione

187 3440 614 3516 narrationis
646 3443 931 3539 alicujus
974 3441 1320 3517 historicae
1349 3443 1714 3540 praefigere
1755 3443 1946 3517 Ver-

186 3546 354 3614 bum
386 3545 586 3613 ’ΠἾΙ
631 3543 749 3613 ubi
783 3563 928 3613 non
964 3541 1141 3612 adeo
1172 3540 1295 3613 ista
1314 3542 1654 3637 temporis
1679 3539 1947 3632 succes·-

180 3639 284 3712 fio
320 3639 638 3712 notanda
675 3641 919 3724 venit3
972 3637 1230 3735 quippe
1266 3641 1454 3735 quod
1495 3641 1594 3712 ita
1627 3639 1699 3711 in
1740 3648 1953 3734 gene·
2001 3712 2008 3715 ,

154 3762 259 3812 τε
280 3735 741 3834 praemittitur
762 3793 784 3827 ,
819 3737 1022 3833 plane
1043 3735 1230 3809 idem
1247 3736 1390 3828 est,
1422 3737 1610 3833 quod
1640 3759 1811 3811 mox
1826 3758 1956 3833 per

183 3855 426 3940 partes
463 3835 832 3931 repetitur.
930 3834 1047 3905 Sic
1087 3858 1196 3906 ex.
1246 3858 1351 3932 gr.
1392 3834 1577 3909 Gen.
1608 3834 1801 3908 XXI.
1836 3854 1955 3907 22.
1991 3882 2005 3897 ,,
2047 3918 2058 3923 Ω
2151 3814 2154 3817 ’

1007 3933 1072 4003 L
1122 3954 1161 4026 3
1396 3959 1404 3969 ·
1708 3929 1963 4054 dicitur
1995 3990 2002 4001 ,
