2900 4829
944 381 1044 454 σο
1255 369 1563 466 Analogia
1603 366 1961 464 Temporum
1995 364 2080 464 ἃ
2113 367 2441 443 Modorum

815 556 825 568 ,
936 484 1170 576 Modo
1208 484 1602 584 significant
1632 540 1653 576 ‚
1718 484 1793 566 in
1841 483 1992 559 aliis
2028 484 2321 581 Linguis
2369 485 2481 560 vel
2533 479 2683 557 sub·-

930 582 1251 684 junffive
1286 585 1398 658 vel
1430 581 1776 680 Optative
1803 582 1885 656 fit
1905 584 2343 664 vertendum.
2394 583 2469 655 Si
2504 589 2682 676 vero

936 685 1321 766 Hebraeam
1372 684 1555 765 inter
1613 682 1913 780 aliasque
1961 682 2266 777 Linguas
2330 680 2687 758 concinna

943 780 1310 854 harmonia
1345 778 1418 852 in
1455 778 1589 852 suis
1630 780 1877 852 Modis
1912 803 1994 857 ac
2039 777 2516 874 Temporibus
2554 775 2687 872 fig,

941 878 1311 951 nificandis
1349 876 1750 950 adornanda
1777 876 1948 967 erit,
2004 878 2297 949 omnino
2336 875 2685 972 inquiren·

942 977 1153 1065 dum,
1209 986 1525 1072 quaenam
1562 975 1907 1048 Hebraeae
1952 975 2245 1071 Linguae
2287 974 2556 1046 indoles
2608 969 2689 1044 fit

941 1073 1018 1147 in
1060 1073 1445 1164 formandis
1491 1071 1739 1146 Modis
1794 1072 2249 1167 Subjunffivo
2301 1072 2416 1145 vel
2464 1073 2690 1167 Opta·

945 1172 1126 1256 tivo,
1225 1170 1369 1244 Hic
1420 1190 1694 1246 tantum
1749 1170 1982 1255 dicam
2044 1171 2134 1243 de
2175 1168 2294 1256 usu
2345 1168 2691 1259 Praeteriti

940 1267 1409 1352 Hebraeorurn
1477 1267 1911 1365 subjunEtivo
1947 1323 1969 1358 ,
2038 1292 2248 1365 quum
2322 1267 2458 1365 seq.
2511 1263 2689 1340 Diff-

940 1369 1028 1451 de
1075 1367 1195 1442 usu
1241 1366 1481 1462 Futuri
1540 1365 1833 1441 Hebraei
1888 1367 2003 1440 vel
2065 1364 2526 1462 Subjunftivo
2577 1364 2692 1436 vel

938 1466 1288 1562 Optativo
1310 1465 1596 1540 ‘dicendi
1634 1464 1767 1544 erit
1799 1465 2021 1538 locus.
2110 1462 2474 1559 Superiori
2512 1459 2688 1534 Diss.

940 1562 1005 1661 §.
1067 1563 1187 1637 IX.
1256 1563 1782 1650 observavimus
1848 1583 2166 1636 naturam
2227 1557 2306 1642 ,ἃ
2372 1559 2694 1633 indolem
2746 1617 2753 1622 .

942 1661 1157 1752 Modi
1231 1661 1653 1755 subjunffivi
1693 1685 1717 1750 3
1806 1660 2137 1758 simulque
2219 1657 2695 1745 indicavimus

943 1757 1134 1831 hunc
1173 1760 1480 1863 Modum
1506 1816 1527 1850 ,
1591 1758 1694 1832 uti
1737 1756 1815 1832 &
1863 1758 2287 1853 Optativum
2336 1756 2694 1848 maxime,

945 1856 1110 1956 quin
1145 1856 1296 1931 fere
1329 1856 1603 1952 semper
1642 1858 1978 1940 Futurum
2007 1874 2278 1952 tempus
2307 1854 2692 1951 respicere:

946 1974 1020 2027 at
1044 1977 1213 2026 vero
1238 1955 1598 2028 Praeterita
1621 1952 1690 2025 in
1729 1951 1917 2044 hisce
1953 1955 2199 2037 Modis
2238 1952 2433 2026 fimul
2475 1953 2696 2038 etiam

942 2075 1119 2140 vere
1152 2051 1509 2125 Praeterita
1543 2048 1682 2136 effe
1705 2103 1730 2141 ‚
1764 2050 1887 2123 -uti
1915 2051 2131 2138 etiam
2167 2053 2501 2124 Futurum
2547 2051 2698 2132 sub·

942 2146 1249 2245 junfflvi
1271 2203 1292 2237 ‚
1348 2141 1535 2246 quod
1568 2149 2031 2230 Grammatici
2058 2150 2356 2221 Futurum
2384 2150 2698 2222 Exablum

944 2264 1246 2334 vocant,
1275 2246 1460 2346 quod
1495 2247 1842 2335 maxime,
1872 2247 1970 2319 uti
2005 2246 2219 2320 etiarn
2253 2249 2697 2333 Praeteritum

813 2418 820 2425 .
946 2342 1365 2441 subjunfflvl
1398 2400 1419 2435 ‚
1493 2344 1836 2443 fignificat
1907 2344 2296 2419 Praeteritum
2353 2351 2419 2418 in
2473 2344 2700 2423 Futuro

947 2463 1247 2537 tempore,
1282 2442 1404 2539 stu
1435 2448 1502 2516 in
1546 2470 1615 2517 re
1648 2443 1883 2516 Futura
1921 2465 1943 2529 ,·
2009 2445 2324 2541 adeoque
2363 2446 2479 2517 vel
2533 2445 2701 2518 hinc

953 2560 1154 2640 patet
1185 2598 1206 2632 ‚
1260 2565 1697 2639 nequaquam
1743 2542 1815 2615 id
1869 2543 2028 2631 fore
2071 2541 2455 2637 Temporis
2507 2547 2705 2615 Ano-

955 2640 1274 2730 maliam,
1307 2638 1377 2712 *fi
1411 2641 1511 2715 ita
1549 2640 1615 2714 se
1652 2665 1762 2714 res
1800 2641 2054 2715 habeat
2081 2694 2102 2728 ‚
2156 2659 2232 2725 ut
2265 2641 2710 2731 Praeteritum
2764 2684 2777 2693 =

956 2742 1344 2828 Hebraeum
1400 2737 1638 2811 nostro
1695 2740 1810 2812 vel
1860 2737 2219 2812 Praeterito
2260 2738 2393 2811 xvel
2441 2740 2707 2827 Futuro

959 2835 1399 2932 Subjunc’tivi
1458 2834 1542 2907 s1t
1590 2836 2009 2910 vertendum
2052 2861 2074 2924 ;
2147 2838 2713 2933 quandoquidem

964 2934 1204 3030 utique
1236 2930 1529 3021 inservit
1563 2932 2018 3037 fignificqndo
2042 2934 2472 3008 Praeteritum
2494 2935 2711 3032 quod·

964 3029 1127 3125 dam
1155 3084 1177 3118 ‚
1232 3030 1399 3106 licet
1434 3029 1518 3103 fit
1552 3030 1625 3103 in
1655 3055 1730 3105 re
1755 3032 2013 3104 Futura
2044 3057 2060 3105 ε
2114 3032 2306 3128 cujus
2328 3030 2431 3106 rei
2468 3057 2717 3108 exem·

966 3128 1085 3225 pla
1122 3126 1357 3223 passim
1388 3126 1661 3202 exstant
1688 3130 1761 3201 in
1796 3131 2008 3202 Sacro
2042 3130 2327 3202 Codice.
2666 3208 2669 3217 p

1063 3227 1264 3321 Saepe
1321 3225 1403 3299 fit
1461 3245 1535 3299 ut
1594 3226 1899 3301 Hebraei‘
1938 3248 2179 3325 aperte
2236 3227 2395 3300 satis
2457 3225 2712 3324 fignifi-

965 3344 1132 3397 cent
1170 3324 1606 3400 Praeteritum
1646 3323 1842 3401 suum
1879 3324 2487 3424 Subjunfflve-vel
2533 3329 2717 3403 Con·

967 3422 1397 3498 ditionaliter
1466 3422 1953 3518 accipiendum
2027 3422 2163 3497 effe
2193 3478 2214 3512 ‚
2285 3424 2535 3498 additis
2611 3425 2718 3509 his

972 3520 1199 3593 illisve
1260 3521 1615 3616 particulis
1649 3577 1672 3611 ,
1724 3547 1875 3620 quae
1921 3546 2071 3596 rem
2123 3520 2396 3595 ratione
2440 3522 2720 3618 periodi

972 3617 1431 3714 praecedentis
1497 3620 1610 3691 vel
1678 3618 2145 3721 subsequentis
2208 3639 2283 3692 ut
2350 3618 2718 3717 subjunffi-

974 3738 1143 3805 vam
1189 3717 1306 3795 vel
1354 3716 1912 3805 conditionalem
1959 3716 2239 3809 sistunt3
2290 3718 2524 3819 quales
2517 3717 2722 3911 ἑιὲιῗ
