2900 4829
911 390 1051 486 '64‘
1245 385 1939 492 AnalogiaTemerum
1979 387 2065 474 &¹
2103 390 2435 466 Modorum

1039 493 1239 577 Idem
1284 500 1403 576 hic
1437 503 1777 592 Praeteriti
1829 505 2117 580 Hebraei
2155 506 2307 580 usus
2350 528 2483 602 pro
2513 505 2702 580 Prae-

945 597 1160 670 terito
1196 600 1271 673 in
1307 623 1383 673 re
1418 601 1694 690 futura,
1743 603 2050 678 maxime
2100 603 2256 701 post
2312 603 2698 700 particulas

941 700 1084 772 ⁸2!
1129 706 1280 773 DN
1329 696 1719 796 similesque
1753 701 2108 776 observari
2139 700 2406 796 poterit
2457 701 2530 773 in
2582 701 2698 774 his

939 792 1122 866 locis
1168 794 1350 868 Gen.
1393 797 1663 872 XXIV.
1717 822 1830 889 19,
1872 823 1988 894 33.
2087 799 2311 872 Num.
2362 798 2568 873 XIV.
2626 813 2697 885 8.

940 890 1141 963 Ruth
1167 892 1290 964 III.
1321 900 1431 972 18.
1492 919 1524 969 1
1553 895 1739 968 Sam.
1775 898 1862 969 II.
1885 919 1953 988 5.
2003 896 2138 991 Jes.
2167 898 2298 971 IV.
2320 919 2389 989 4.
2410 897 2544 974 VI.
2575 919 2605 969 1
2628 920 2692 970 1.

940 987 1086 1085 Jer.
1131 989 1385 1063 XXXI.
1438 1014 1549 1064 11.
1619 995 1879 1068 Ezech.
1927 995 2403 1085 ΧΧΧΙΧας.
2470 993 2692 1069 Zach.

940 1085 1065 1158 IX.
1092 1108 1200 1182 13.
1246 1087 1345 1161 Ps.
1369 1090 1630 1162 LVIII.
1667 1116 1774 1166 11.
1827 1093 2219 1165 LXXXVI.
2255 1095 2543 1186 17.c11.
2578 1114 2692 1187 17,

797 1269 805 1282 .
947 1190 1064 1272 18,
1101 1209 1214 1259 20.
1264 1187 1726 1263 CXXXVIII.
1757 1214 1826 1281 4.
1878 1190 2067 1262 Eccl.
2105 1190 2271 1262 VII.
2307 1209 2419 1263 10.

919 1389 920 1392 Ἴ
1042 1302 1431 1377 Fatendum
1488 1325 1657 1376 vero
1692 1358 1718 1395 ‚
1787 1305 2132 1378 Hebraeos
2182 1304 2435 1378 eodem
2482 1299 2693 1400 plane

947 1399 1146 1491 casu,
1202 1400 1305 1475 uti
1334 1399 1511 1473 mihi
1548 1399 1791 1475 saltem
1816 1401 2094 1476 videtur
2116 1457 2136 1490 ‚
2189 1401 2540 1476 interdum
2571 1402 2692 1475 suo

560 1510 905 1577 RuthJIIaB
942 1499 1205 1574 Futuro
1256 1498 1359 1572 uti
1392 1553 1442 1587 ,⁷
1482 1523 1594 1571 ex.
1626 1523 1729 1595 gr.
1773 1500 1992 1573 Ruth.
2023 1500 2148 1590 III.
2193 1515 2305 1585 18.
2354 1508 2501 1575 'm
2541 1507 2690 1576 ’ΞΜ

938 1603 1104 1675 ἾΣΓΙ
1144 1593 1272 1716 '72³
1312 1605 1459 1701 TN
1503 1603 1729 1707 3⁸95ss
1771 1605 1955 1676 ἾΨΝ
1995 1604 2107 1683 ‘W
2170 1613 2403 1672 maneto
2434 1600 2528 1670 hic
2546 1597 2695 1692 filia

935 1751 1074 1822 mea
1104 1778 1125 1811 ,
1171 1728 1370 1799 'donec
1392 1723 1566 1824 scias
1599 1781 1619 1807 ,
1685 1726 1799 1799 vel
1817 1723 2085 1822 sciveris
2123 1749 2149 1813 ,·
2196 1724 2469 1818 quomodo
2506 1747 2693 1796 even-

937 1847 1083 1900 tura
1102 1823 1191 1919 fit
1223 1847 1341 1896 res.
1444 1821 1712 1895 Similia
1746 1824 2069 1920 exempla
2104 1879 2127 1913 ,
2158 1815 2310 1899 ..ubi
2355 1824 2692 1895 Futurum

930 1927 1321 2000 Hebraeum
1355 1919 1879 2007 Praeteritocvel
1928 1924 2190 1994 Futuro
2251 1918 2690 2015 Subjunctivi

936 2019 1313 2095 commode
1348 2014 1645 2090 vertitur
1675 2072 1696 2107 ‚
1751 2019 1978 2091 videri
2018 2016 2296 2115 poffunt
2331 2016 2464 2113 Jes.
2500 2020 2686 2090 LIII.

940 2144 1057 2195 10.
1110 2115 1370 2191 Ezech.
1403 2114 1607 2187 XIV.
1652 2137 1757 2208 13.
1812 2119 2019 2189 Prov.
2043 2118 2175 2190 IV.
2207 2123 2316 2189 16.
2363 2138 2391 2187 1
2423 2114 2693 2189 Chron.-

936 2217 1126 2290 XIX.
1175 2238 1247 2306 5.
1322 2237 1360 2286 2
1394 2210 1660 2284 Chron.
1710 2214 1843 2286 VI.
1894 2236 2009 2303 24,
2055 2218 2169 2289 26.
2267 2213 2544 2286 Verum
2600 2212 2683 2285 s1t

939 2316 1040 2394 ita
1077 2370 1098 2405 ‚
1168 2332 1246 2385 ut
1290 2310 1580 2385 Hebraei
1614 2309 1729 2382 hic
1761 2310 2154 2408 promiscue
2196 2310 2313 2384 vel
2350 2312 2683 2384 Futurum

935 2413 1055 2491 vel
1083 2411 1526 2486 ‘Praeteritum
1561 2409 1972 2500 adhibeant,
2025 2411 2200 2485 adeo
2235 2428 2309 2483 ut
2341 2407 2414 2482 in
2450 2430 2687 2484 exem-

937 2514 1063 2610 plo
1104 2534 1194 2585 ex
1234 2509 1449 2581 Libro
1490 2508 1744 2581 Ruthae
1767 2511 2044 2605 prolato
2078 2508 2228 2582 fere
2247 2507 2538 2603 perinde
2558 2506 2685 2596 fit,

938 2610 1084 2684 five
1106 2608 1295 2684 dicas
1325 2612 1549 2717 ΓΙΠΠ
1592 2613 1772 2681 ''IWN
1815 2614 1924 2690 ’ἲν
1947 2604 2088 2680 five
2123 2613 2316 2689 mm*
2363 2612 2543 2681 ἿΨΝ
2581 2612 2689 2689 '¹9

935 2737 1115 2818 nihil
1168 2756 1404 2811 tamen
1453 2736 1591 2808 hoc
1642 2736 1857 2809 modo
1900 2731 2243 2808 constanti
2285 2755 2490 2833 atque
2526 2759 2688 2810 ana-

921 2835 1108 2932 ‘logo
1158 2832 1306 2906 usui
1354 2835 1797 2930 Temporum
1848 2833 2315 2906 Hebraeorum
2366 2834 2689 2908 detrahe·

937 2950 1093 3019 tur3
1146 2954 1307 3003 nam
1343 2929 1460 3002 hic
1497 2936 1547 3022 ,’
1586 2931 1687 3004 uti
1722 2933 1869 3026 jam
1919 2929 2442 3007 observavimus
2477 2987 2498 3020 ‚
2574 2955 2684 3005 res

939 3051 1135 3125 aeque
1162 3047 1237 3100 ut
1271 3026 1500 3102 futura
1535 3082 1557 3115 ‚
1622 3053 1828 3126 quam
1874 3048 1948 3102 ut
1995 3029 2345 3122 praeterita
2391 3028 2689 3124 speciari

940 3124 1213 3224 potest:
1259 3148 1422 3199 nam
1459 3127 1575 3199 hic
1598 3126 1945 3223 loquimur
1966 3128 2051 3198 de
2075 3128 2438 3225 tempore,
2492 3129 2685 3225 quod

944 3247 1123 3299 vere
1173 3223 1508 3298 Futurum
1564 3223 1665 3298 est
1710 3280 1731 3314 ,
1802 3242 1874 3298 at
1917 3222 2112 3298 fimul
2159 3225 2230 3298 in
2270 3224 2388 3297 illo
2422 3226 2698 3299 Futuro

946 3341 1029 3395 ut
1067 3321 1215 3417 jam
1266 3321 1706 3396 Praeteritum
1752 3324 2046 3397 obvenit
2084 3347 2108 3411 ;
2178 3320 2338 3419 quid
2386 3322 2643 3397 mirum
2663 3379 2695 3412 ,.

943 3416 1002 3493 fi
1036 3418 1323 3494 Hebraei
1356 3419 1708 3494 interdum
1757 3421 1979 3519 magis
2024 3420 2459 3494 Praeteritum
2495 3454 2543 3510 ,“
2587 3422 2696 3494 in·-

943 3517 1224 3590 terdum
1275 3516 1497 3615 magis
1550 3519 1884 3593 Futurum
1941 3539 2214 3614 tempus
2259 3518 2697 3615 respiciant?

941 3614 1214 3689 Nonne
1245 3614 1499 3690 eodem
1534 3614 1683 3692 fere
1716 3616 1911 3692 sensu
1943 3618 2158 3691 etiam
2178 3617 2432 3692 Latine
2451 3618 2687 3693 dicere

938 3711 1222 3792 licebit:
1271 3714 1447 3790 dome
1450 3711 1626 3813 scias
1640 3771 1664 3811 ,
1714 3713 1795 3795 &
1832 3720 2007 3797 donec
2021 3716 2290 3815 sciveris
2308 3716 2347 3791 :2

2470 3832 2689 3923 Interg
