2900 4829
343 477 344 480 Ν
493 423 498 428 ·
580 379 881 468 Hebmae
921 396 1191 493 Lingnae
1223 389 1389 494 Diffi
1415 389 1524 472 ‘II-s
1658 407 1675 418 “
1833 411 1920 483 81

170 503 308 586 ode.
362 509 677 591 Rimmon.
778 510 924 583 Hic
987 511 1190 584 mihis
1249 512 1647 589 Infinitivus
1723 515 1923 593 &1:12

168 607 527 683 Praesentis
553 606 682 682 «est'
700 608 1084 705 Temporis
1133 664 1153 699 ,
1228 610 1407 684 adeo
1449 629 1525 684 ut
1572 610 1695 684 hic
1723 636 1925 685 com-

169 708 381 779 mode
410 722 765 795 vertatur,
808 709 1039 801 quando
1071 708 1452 802 ingreditur:
1503 728 1713 806 atque
1740 710 1934 787 adeo·

168 801 588 881 ἫἺΠΠΦΠΊ
634 804 820 901 quod
859 804 977 877 hic
1017 804 1345 879 Praesenti
1377 803 1666 881 cuidam
1700 808 1925 881 Tem·

169 901 321 998 pori
353 903 785 1002 subjungitfir
814 959 837 993 ‚
902 903 1117 976 etiam
1171 903 1503 979 Praesenti
1547 905 1918 1001 Tempore

170 1005 581 1075 vertendum
630 1000 787 1074 erit.
887 1002 1055 1075 Hoc
1121 1025 1299 1075 vero
1363 1002 1483 1075 hic
1543 1003 1931 1078 observem»¹

173 1098 326 1171 dum
362 1156 383 1186 ‚
435 1099 625 1196 quod
659 1094 796 1171 teile
825 1098 1127 1174 Praesens
1165 1155 1187 1188 ‚
1260 1100 1446 1197 quod
1482 1100 1654 1175 latet
1682 1102 1757 1174 in
1805 1104 1920 1176 In·

173 1195 439 1270 finitivo
475 1219 643 1270 cum
685 1205 739 1273 :2
784 1195 1184 1271 consti-usto
1216 1252 1237 1285 ,
1291 1197 1410 1269 hic
1447 1200 1529 1272 ab
1564 1200 1703 1273 alio
1744 1223 1916 1296 quo-

173 1294 318 1392 dam
356 1295 518 1369 casu
555 1294 673 1368 seu
702 1294 1069 1406 Tempolje
1091 1295 1533 1396 dependeat,
1590 1299 1917 1394 quodque

174 1392 335 1465 adeo
390 1417 591 1490 aeque
648 1393 895 1466 venire
946 1392 1153 1487 poffit
1210 1391 1456 1465 velut
1501 1394 1804 1468 Praesens
1843 1395 1920 1467 in

172 1514 241 1561 re
285 1490 645 1585 praeterita
678 1546 699 1579 ,
761 1491 886 1563 vel
937 1509 1012 1562 ut
1060 1488 1362 1563 Praesens
1412 1491 1486 1562 in
1534 1493 1613 1563 re
1648 1490 1919 1565 futura:

174 1610 321 1660 nam
361 1589 464 1662 uti
508 1589 587 1662 in
629 1611 708 1661 re
756 1587 1162 1681 praeterita3
1219 1585 1312 1659 fic
1344 1586 1530 1661 &in
1561 1612 1638 1661 re
1683 1588 1921 1660 futura

171 1685 453 1760 Praesens
519 1686 872 1786 quoddam
923 1685 1293 1759 observate
1340 1685 1508 1758 licet
1544 1736 1569 1773 ‚
1612 1684 1740 1758 uti
1788 1684 1916 1759 suo

173 1782 317 1855 loco
355 1784 728 1874 vid-imus„
790 1783 908 1857 Sic
939 1784 1264 1856 maxime*
1300 1782 1700 1856 Infinitivus
1749 1805 1957 1856 cuui-x

71 1955 76 1962 ,
173 1879 220 1954 2
259 1880 686 1955 musitacius
740 1882 818 1953 vi
875 1881 1233 1977 particulae
1275 1887 1329 1954 :i
1372 1881 1723 1954 interdum
1771 1880 1916 1952 hoc

176 1980 369 2053 modo
396 1981 487 2054 de
523 2004 607 2052 re
633 1981 985 2077 praeterita
1008 2036 1026 2066 ‚
1077 1980 1426 2053 in'terdum
1461 1979 1550 2052 de
1582 2002 1660 2051 re
1682 1978 1917 2052 futura

175 2075 515 2173 usurpatur
542 2133 563 2167 ,
619 2078 801 2174 quod
834 2093 924 2149 ex
977 2101 1208 2152 rerum
1251 2097 1666 2176 argumento
1704 2126 1728 2163 ‚
1796 2071 1920 2151 vel

176 2197 252 2251 ex
284 2176 537 2250 additis
576 2177 727 2248 aliis
767 2176 1025 2249 Verbis
1070 2193 1196 2249 aut·
1225 2175 1468 2248 Futuri
1495 2226 1519 2262 ‚
1573 2192 1694 2247 aut
1734 2175 1917 2247 Prae-

174 2272 346 2344 teriti
414 2273 804 2367 Temporis
870 2273 1077 2345 facile
1130 2272 1370 2368 paffim
1428 2271 1849 2365 dijudicatur
1886 2325 1914 2361 ,

175 2389 241 2442 ut
273 2371 450 2445 infra
488 2368 663 2444 Diff.
718 2371 847 2444 lV⁶
903 2373 1018 2444 ubi
1072 2370 1160 2446 de
1212 2370 1597 2444 Infinitivo.
1632 2369 1918 2446 dicendi

175 2468 291 2540 erit
348 2472 544 2544 locus
582 2523 604 2558 ‚
675 2469 1110 2543 videbimus..
1193 2471 1277 2541 In
1325 2469 1513 2557 hisce
1548 2491 1723 2540 vero
1758 2467 1917 2541 Na-

109 2581 112 2584 ’
167 2571 420 2641 ¹amanis
467 2566 728 2642 Verbis
777 2568 849 2649 id
890 2591 1034 2639 non
1088 2567 1264 2640 adeo
1294 2565 1524 2638 facile
1563 2563 1914 2661 dignosci·
1968 2620 1983 2627 -

174 2681 321 2761 tul-3
385 2690 621 2763 neque
656 2665 839 2760 quod
885 2666 1001 2738 hic
1043 2672 1469 2739 ’ΝῚΠΠΨΠῚ
1514 2663 1918 2737 Accentum

174 2783 302 2834 non
348 2765 420 2837 in
476 2763 795 2836 ultimam
858 2763 1202 2858 Syllabam
1259 2758 1582 2856 rejiciat,
1665 2785 1756 2834 ex
1822 2784 1917 2835 eo

174 2859 524 2957 quicquam
562 2884 693 2955 pro
742 2860 1107 2955 Tempore
1157 2858 1525 2932 Praeterito
1585 2859 1916 2933 concludi

172 2979 458 3050 poterit,
514 2982 727 3057 quum
767 2958 957 3033 idem
993 2957 1133 3030 hoc
1173 2957 1492 3030 Verbum
1526 2958 1743 3032 etiam
1790 2956 1918 3033 ali·
2038 3041 2051 3047 -

166 3054 285 3144 bi,
335 3060 453 3130 ubi
487 3059 698 3154 plane
741 3056 1006 3128 Futuro
1046 3054 1398 3152 Tempori
1428 3054 1761 3144 inservit,
1817 3074 1919 3129 ta·

172 3172 323 3227 men
366 3155 769 3229 Accentum
811 3153 882 3225 in
915 3153 1306 3249 penultimo
1342 3151 1603 3226 retinet
1649 3176 1681 3225 1
1720 3155 1927 3226 Sam„
2028 3176 2031 3179 ·

169 3247 322 3337 XV.
365 3277 478 3345 30.
534 3253 701 3343 Nec
738 3251 926 3325 forte
968 3249 1242 3324 necess‘e
1272 3249 1408 3346 erit
1439 3305 1462 3341 ‚
1534 3250 1655 3323 hic
1703 3250 1928 3327 anxie.
2034 3266 2039 3269 ’

171 3344 554 3445 inquirere,
608 3374 777 3423 num
809 3347 960 3422 haec
993 3349 1076 3422 N
1077 3350 1383 3423 aamanis
1430 3351 1650 3422 verba
1684 3349 1797 3422 vel
1822 3348 1914 3427 de

170 3442 418 3521 Futuro
459 3450 573 3523 vel
602 3450 689 3520 de
726 3447 1106 3531 Pr'aeterito
1134 3448 1503 3540 Tempore
1533 3445 1665 3521 sint
1710 3445 1917 3518 intel-

170 3539 478 3638 ligenda3
531 3563 741 3643 quum
775 3601 798 3635 ,
852 3543 953 3625 uti
991 3544 1169 3620 mihi
1204 3543 1481 3619 videtur
1517 3601 1537 3636 ,
1594 3564 1918 3637 commo·

169 3630 250 3712 de
283 3643 367 3714 de
399 3664 699 3744 ‘utroque
733 3700 754 3733 ‚
823 3660 966 3717 tam
998 3642 1359 3717 Prae'terito
1452 3667 1610 3717 uam
1628 3644 1927 3717 ’Futuro

170 3735 523 3838 Tempore
577 3742 807 3838 accipi
861 3740 1115 3839 poffint
1160 3766 1184 3832 3
1261 3763 1408 3836 prae
1439 3742 1648 3835 ertim
1697 3763 1913 3839 quum

172 3831 279 3909 hic
321 3840 508 3917 nulla
551 3840 701 3933 fere
738 3839 897 3951 satis
930 3836 1764 3938 solida-*limitandiratio*
1791 3858 1916 3909 oc-

333 3960 338 3965 ·
992 3938 1051 4011 F
1407 4002 1410 4005 Α
1655 3952 1921 4013 currat.
