2900 4829
393 338 703 412 Hebraeae
741 332 1014 430 Lingua
1041 330 1211 429 Diff.
1242 334 1364 409 IV.
1413 329 1558 431 Cap.
1585 336 1711 416 IV.
1809 361 1955 436 219

290 458 499 546 Idem
541 453 686 530 hoc
722 447 802 526 δε
830 449 906 526 in
932 452 1238 534 Hebraea
1270 451 1543 550 Lingua
1579 453 1952 548 observan.

197 557 411 652 dum,
466 575 621 650 quae
652 548 869 624 etiam
900 549 1101 639 vatio
1138 550 1399 641 modo,
1450 552 1804 644 interdum
1823 558 1981 647 suo·

193 651 586 748 Partieipio
619 647 928 737 Benoni,
977 648 1327 736 interdum
1342 650 1698 744 Praeterito
1723 710 1744 745 ‚
1777 678 1953 752 ρης.

193 752 444 838 sertim
491 771 673 823 vero
715 745 838 825 suo
889 749 1151 832 Futuro
1195 747 1298 831 ita
1341 746 1709 840 indefinite
1758 753 1951 851 loqui

196 869 434 926 amat:
486 845 855 946 quodque,
904 847 1008 920 uti
1042 868 1214 920 mox
1238 870 1369 943 per
1400 867 1636 943 partes
1650 852 1952 947 patebit,
2059 921 2060 926 ,

196 950 284 1024 fit
343 947 566 1030 modo
634 944 930 1019 omnino
1006 946 1302 1042 analogo
1361 965 1569 1043 atque
1618 949 1955 1047 eleganti.

193 1053 300 1123 At
329 1067 511 1120 vero
549 1098 573 1140 ,
625 1043 811 1140 quod
838 1043 960 1117 hic
994 1045 1572 1139 praemonendum
1610 1100 1634 1136 ,
1702 1047 1836 1134 hac
1873 1048 1948 1121 in

190 1168 401 1243 parte
448 1143 724 1229 cautela
774 1163 952 1236 opus
994 1139 1096 1232 ,est
1129 1196 1153 1232 ,
1217 1161 1310 1215 ne
1346 1142 1555 1230 nimis
1579 1145 1951 1220 ‘temerarii

188 1243 406 1318 fimus
454 1241 527 1317 in
569 1238 919 1335 fingendis
970 1238 1369 1334 hujusmodi
1430 1241 1949 1340 loquutionibus

192 1337 592 1436 indefinitis
621 1392 644 1426 ‚
695 1335 749 1410 fi
778 1337 1053 1433 quando
1086 1337 1206 1418 hic
1237 1335 1379 1422 illic
1413 1338 1955 1436 circa‘Tempo·

189 1463 358 1512 rum
395 1434 820 1532 Analogiam
850 1433 1235 1517 haereamus
1272 1456 1291 1509 ε
1339 1458 1568 1534 neque
1604 1434 1798 1521 enirn
1833 1460 1952 1516 eas

186 1537 350 1610 dari
385 1533 601 1608 facile
639 1532 1060 1616 crediderim
1094 1588 1117 1619 ‚
1183 1531 1309 1607 nifi
1343 1533 1459 1606 ubi
1489 1557 1726 1624 rerum
1750 1557 1954 1631 argu-

185 1654 517 1708 mentum
542 1687 564 1722 ,
617 1654 995 1728 earumque
1030 1627 1567 1719 circumstantiae
1593 1655 1674 1722 ae
1697 1630 1949 1743 scopus

180 1731 399 1814 nobis
430 1729 505 1802 id
533 1728 742 1826 plane
776 1728 1107 1808 suadeant
1141 1752 1161 1803 t
1225 1745 1430 1827 atque
1473 1729 1672 1804 fimul
1731 1749 1950 1810 etiam

187 1829 369 1912 illud
411 1826 671 1925 requiri
705 1825 883 1901 mihi
927 1825 1204 1914 videtur
1232 1882 1256 1917 ,
1329 1846 1405 1900 ut
1433 1830 1590 1903 talis
1626 1827 1946 1926 loquutio

185 1927 560 2025 indefinita
613 1925 688 2000 in
738 1922 906 2000 illud
957 1924 1278 2020 Tempus
1326 1924 1722 2004 Definitum
1751 1924 1947 2022 fagil}

180 2047 416 2125 opera
447 2023 591 2116 hog
625 2022 846 2110 illove
880 2022 1102 2104 modo
1136 2021 1394 2099 resolvi
1426 2044 1656 2120 queat.

961 2226 1026 2331 5.
1075 2229 1170 2302 11.
1955 2194 1967 2280 ἲ

123 2492 139 2514 θ,
289 2414 583 2495 Talibus
644 2407 1037 2489 Indefinitis
1097 2411 1428 2513 loquendi
1495 2409 1744 2489 Modis
1801 2435 1938 2511 pro
1961 2455 2041 2516 Hi
2075 2456 2276 2519 Indefi-

186 2538 429 2600 1erum
470 2537 525 2586 ‘a
613 2530 900 2587 umento
955 2534 1102 2607 prae
1149 2512 1421 2588 caeteris
1475 2511 1777 2588 refertus
1833 2509 1936 2586 est
1955 2528 2061 2603 niti
2085 2535 2316 2612 loqueu.

188 2616 408 2687 Sacer
440 2614 545 2684 Co
598 2634 688 2686 ex
703 2610 1291 2695 Proverbiorum:
1341 2628 1593 2706 utpote
1628 2609 1748 2685 ubi
1774 2632 1932 2707 pas·
1952 2610 2012 2671 di
2050 2611 2222 2673 Modi

187 2709 323 2794 sim
369 2729 736 2784 recurrunt
789 2709 1128 2784 Paroemia
1185 2708 1321 2783 seu
1350 2709 1627 2806 Adagia
1679 2763 1703 2799 ‚
1781 2731 1935 2806 quae
1951 2692 2318 2828 ἓξξζωὲὶῗῧ·

243 2807 595 2882 eneralem
627 2808 974 2905 quandam
1022 2806 1400 2883 veritatem
1447 2807 1594 2883 fine
1636 2806 1930 2900 definita
1948 2786 2298 2925 Provgrbiig

194 2940 197 2945 ·
270 2906 578 3002 emporis
639 2903 1233 2995 determinatione*
1285 2905 1361 2983 in
1407 2903 1479 2981 se
1537 2905 1927 2980 continent.
1952 2921 2101 2996 Jobo
2139 2921 2197 2982 δι

184 3005 359 3079 Nec
395 3003 535 3077 rari
564 3002 716 3076 sunt
746 3005 820 3077 in
863 3002 1079 3078 Libro
1127 3003 1291 3099 Jobi
1322 3058 1345 3093 ,
1410 3003 1561 3078 five
1610 3002 1934 3101 frequen·
1952 3001 2202 3077 Psalmis.

186 3101 443 3176 tissime
473 3101 573 3176 ibi
597 3120 954 3176 recurrant
978 3101 1358 3197 Proverbia
1387 3124 1428 3177 a
1454 3102 1661 3179 rebus
1687 3098 1936 3197 solitis,

188 3199 275 3285 ἃ
312 3201 468 3297 ςαεεέ
494 3200 829 3272 continuo
865 3200 1043 3288 fiunt
1077 3253 1103 3290 ‚
1163 3198 1388 3296 petita
1428 3223 1454 3290 3
1521 3198 1671 3275 five
1719 3203 1937 3277 etiam

190 3299 415 3373 solitae
457 3320 541 3371 ac
583 3298 935 3373 continuae
980 3296 1125 3374 Dei
1184 3298 1587 3373 molitiones
1630 3297 1752 3392 seu
1797 3299 1936 3380 viae

189 3414 639 3482 enarrentur3
692 3393 837 3470 five
872 3396 1153 3469 tandem
1187 3413 1331 3468 tam
1368 3396 1936 3493 piorum„quam

188 3493 574 3589 impiorum
609 3493 944 3566 continua
975 3491 1157 3565 fasta
1175 3490 1254 3565 δι
1272 3491 1416 3566 fata
1437 3494 1935 3568 describantur.

185 3592 356 3688 Nec
389 3589 632 3677 desunt
662 3591 734 3662 in
764 3590 1190 3683 Psalmorum
1209 3590 1434 3663 Libris
1456 3646 1477 3682 ‚
1531 3592 1651 3665 ubi
1688 3589 1941 3664 itidem

184 3690 372 3786 saepe
399 3688 760 3786 generales
806 3687 1140 3788 quaedam·
1163 3686 1499 3762 veritates
1535 3744 1558 3779 ,
1631 3706 1752 3763 aut
1787 3688 1947 3783 pio-

181 3811 348 3875 mm
398 3809 482 3893 uc
530 3785 915 3885 impiorum
963 3785 1102 3865 viae
1135 3834 1164 3882 ‚
1229 3785 1598 3880 molimina
1639 3805 1761 3864 aut
1797 3784 1943 3881 fata

608 3924 620 3937 ·
1710 3904 1952 3961 recen-
