<?xml version="1.0" encoding="UTF-8"?>
<!DOCTYPE html PUBLIC "-//W3C//DTD XHTML 1.0 Transitional//EN"
    "http://www.w3.org/TR/xhtml1/DTD/xhtml1-transitional.dtd">
<html xmlns="http://www.w3.org/1999/xhtml" xml:lang="en" lang="en">
 <head>
  <title>
</title>
<meta http-equiv="Content-Type" content="text/html;charset=utf-8" />
  <meta name='ocr-system' content='tesseract 3.04.00' />
  <meta name='ocr-capabilities' content='ocr_page ocr_carea ocr_par ocr_line ocrx_word'/>
</head>
<body>
  <div class='ocr_page' id='page_1' title='image "./dissertationesg00koolgoog/dissertationesg00koolgoog_0070.png"; bbox 0 0 2900 4829; ppageno 0'>
   <div class='ocr_carea' id='block_1_1' title="bbox 950 384 2468 515">
    <p class='ocr_par' dir='ltr' id='par_1_1' title="bbox 950 384 2468 515">
     <span class='ocr_line' id='line_1_1' title="bbox 950 384 2468 515; baseline 0.004 -26"><span class='ocrx_word' id='word_1_1' title='bbox 950 437 1050 509; x_wconf 81' lang='lat'><strong>40</strong></span> <span class='ocrx_word' id='word_1_2' title='bbox 1248 416 1563 515; x_wconf 76' lang='lat' dir='ltr'><em>Analogia</em></span> <span class='ocrx_word' id='word_1_3' title='bbox 1598 413 1953 514; x_wconf 80' lang='lat' dir='ltr'><strong>Temporum</strong></span> <span class='ocrx_word' id='word_1_4' title='bbox 1985 410 2072 503; x_wconf 55' lang='grc' dir='ltr'><strong>ὃ)</strong></span> <span class='ocrx_word' id='word_1_5' title='bbox 2100 384 2468 495; x_wconf 66' lang='lat' dir='ltr'><strong>Modvruriz·</strong></span> 
     </span>
    </p>
   </div>
   <div class='ocr_carea' id='block_1_2' title="bbox 922 531 2713 1317">
    <p class='ocr_par' dir='ltr' id='par_1_2' title="bbox 922 531 2713 1317">
     <span class='ocr_line' id='line_1_2' title="bbox 950 531 2712 612; baseline 0.002 -4"><span class='ocrx_word' id='word_1_6' title='bbox 950 531 1581 608; x_wconf 87' lang='lat' dir='ltr'><strong>extraordinarium</strong></span> <span class='ocrx_word' id='word_1_7' title='bbox 1616 532 1694 608; x_wconf 68' lang='grc' dir='ltr'>ἃ</span> <span class='ocrx_word' id='word_1_8' title='bbox 1734 535 2221 608; x_wconf 89' lang='lat' dir='ltr'><strong>miraculosum</strong></span> <span class='ocrx_word' id='word_1_9' title='bbox 2245 556 2532 611; x_wconf 9' lang='lat' dir='ltr'><strong>*motum</strong></span> <span class='ocrx_word' id='word_1_10' title='bbox 2553 535 2712 612; x_wconf 78' lang='lat' dir='ltr'><strong>five</strong></span> 
     </span>
     <span class='ocr_line' id='line_1_3' title="bbox 928 631 2713 729; baseline 0.003 -25"><span class='ocrx_word' id='word_1_11' title='bbox 928 632 1134 719; x_wconf 62' lang='lat' dir='ltr'><strong>nSolis</strong></span> <span class='ocrx_word' id='word_1_12' title='bbox 1170 686 1192 719; x_wconf 91' lang='lat'>,</span> <span class='ocrx_word' id='word_1_13' title='bbox 1262 631 1403 704; x_wconf 88' lang='lat' dir='ltr'><strong>five</strong></span> <span class='ocrx_word' id='word_1_14' title='bbox 1456 631 1707 725; x_wconf 84' lang='lat' dir='ltr'><strong>nostrae</strong></span> <span class='ocrx_word' id='word_1_15' title='bbox 1752 632 2053 711; x_wconf 84' lang='lat' dir='ltr'><strong>Telluris</strong></span> <span class='ocrx_word' id='word_1_16' title='bbox 2085 689 2107 722; x_wconf 91' lang='lat'>,</span> <span class='ocrx_word' id='word_1_17' title='bbox 2179 635 2364 729; x_wconf 91' lang='lat' dir='ltr'><strong>quod</strong></span> <span class='ocrx_word' id='word_1_18' title='bbox 2402 633 2517 706; x_wconf 90' lang='lat' dir='ltr'><strong>hic</strong></span> <span class='ocrx_word' id='word_1_19' title='bbox 2556 659 2713 709; x_wconf 86' lang='lat' dir='ltr'><strong>non</strong></span> 
     </span>
     <span class='ocr_line' id='line_1_4' title="bbox 950 728 2710 827; baseline 0.002 -25"><span class='ocrx_word' id='word_1_20' title='bbox 950 728 1232 826; x_wconf 89' lang='lat' dir='ltr'><strong>inquiro</strong></span> <span class='ocrx_word' id='word_1_21' title='bbox 1254 782 1275 816; x_wconf 89' lang='lat'>,</span> <span class='ocrx_word' id='word_1_22' title='bbox 1332 751 1745 827; x_wconf 88' lang='lat' dir='ltr'><strong>quamquam</strong></span> <span class='ocrx_word' id='word_1_23' title='bbox 1787 729 1855 803; x_wconf 91' lang='lat' dir='ltr'><strong>id</strong></span> <span class='ocrx_word' id='word_1_24' title='bbox 1890 730 2063 802; x_wconf 90' lang='lat' dir='ltr'><strong>mihi</strong></span> <span class='ocrx_word' id='word_1_25' title='bbox 2099 729 2562 804; x_wconf 80' lang='lat' dir='ltr'><strong>verosimilius</strong></span> <span class='ocrx_word' id='word_1_26' title='bbox 2595 733 2710 807; x_wconf 85' lang='lat' dir='ltr'><strong>vi-</strong></span> 
     </span>
     <span class='ocr_line' id='line_1_5' title="bbox 951 825 2708 922; baseline 0.002 -25"><span class='ocrx_word' id='word_1_27' title='bbox 951 825 1198 898; x_wconf 88' lang='lat' dir='ltr'><strong>deatur</strong></span> <span class='ocrx_word' id='word_1_28' title='bbox 1228 879 1250 910; x_wconf 90' lang='lat'><strong>‚</strong></span> <span class='ocrx_word' id='word_1_29' title='bbox 1303 843 1539 898; x_wconf 86' lang='lat' dir='ltr'><strong>tamen</strong></span> <span class='ocrx_word' id='word_1_30' title='bbox 1570 826 2055 922; x_wconf 71' lang='lat' dir='ltr'><strong>ipse‘ille.dies</strong></span> <span class='ocrx_word' id='word_1_31' title='bbox 2091 828 2457 901; x_wconf 82' lang='lat' dir='ltr'><strong>ordinariae</strong></span> <span class='ocrx_word' id='word_1_32' title='bbox 2501 852 2708 902; x_wconf 86' lang='lat' dir='ltr'><strong>man-</strong></span> 
     </span>
     <span class='ocr_line' id='line_1_6' title="bbox 951 914 2708 1022; baseline 0.005 -30"><span class='ocrx_word' id='word_1_33' title='bbox 951 921 1117 1000; x_wconf 74' lang='lat' dir='ltr'><strong>fierit</strong></span> <span class='ocrx_word' id='word_1_34' title='bbox 1163 914 1664 1019; x_wconf 67' lang='lat' dir='ltr'><strong>longitudinis:</strong></span> <span class='ocrx_word' id='word_1_35' title='bbox 1733 924 2065 1022; x_wconf 81' lang='lat' dir='ltr'><strong>siquidem</strong></span> <span class='ocrx_word' id='word_1_36' title='bbox 2097 925 2319 1020; x_wconf 90' lang='lat' dir='ltr'><strong>ipsum</strong></span> <span class='ocrx_word' id='word_1_37' title='bbox 2352 925 2708 1022; x_wconf 15' lang='lat' dir='ltr'><strong>illudkspae</strong></span> 
     </span>
     <span class='ocr_line' id='line_1_7' title="bbox 950 1016 2706 1119; baseline 0.006 -29"><span class='ocrx_word' id='word_1_38' title='bbox 950 1016 1127 1114; x_wconf 89' lang='lat' dir='ltr'><strong>tium</strong></span> <span class='ocrx_word' id='word_1_39' title='bbox 1151 1075 1172 1108; x_wconf 92' lang='lat'>‚</span> <span class='ocrx_word' id='word_1_40' title='bbox 1228 1019 1412 1117; x_wconf 81' lang='lat' dir='ltr'><strong>quod</strong></span> <span class='ocrx_word' id='word_1_41' title='bbox 1452 1045 1589 1093; x_wconf 91' lang='lat' dir='ltr'><strong>uno</strong></span> <span class='ocrx_word' id='word_1_42' title='bbox 1613 1042 1976 1096; x_wconf 89' lang='lat' dir='ltr'><strong>momento</strong></span> <span class='ocrx_word' id='word_1_43' title='bbox 1994 1023 2321 1119; x_wconf 77' lang='lat' dir='ltr'><strong>proceffit</strong></span> <span class='ocrx_word' id='word_1_44' title='bbox 2337 1023 2457 1096; x_wconf 90' lang='lat' dir='ltr'><strong>Sol</strong></span> <span class='ocrx_word' id='word_1_45' title='bbox 2475 1079 2497 1111; x_wconf 87' lang='lat'>,</span> <span class='ocrx_word' id='word_1_46' title='bbox 2523 1029 2706 1100; x_wconf 67' lang='lat' dir='ltr'><strong>mox</strong></span> 
     </span>
     <span class='ocr_line' id='line_1_8' title="bbox 949 1116 2710 1218; baseline 0.003 -28"><span class='ocrx_word' id='word_1_47' title='bbox 949 1117 1209 1190; x_wconf 86' lang='lat' dir='ltr'><strong>iterum</strong></span> <span class='ocrx_word' id='word_1_48' title='bbox 1257 1118 1664 1191; x_wconf 84' lang='lat' dir='ltr'><strong>retroceffit.</strong></span> <span class='ocrx_word' id='word_1_49' title='bbox 1765 1120 2021 1218; x_wconf 89' lang='lat' dir='ltr'><strong>Neque</strong></span> <span class='ocrx_word' id='word_1_50' title='bbox 2054 1116 2172 1193; x_wconf 83' lang='lat' dir='ltr'><strong>hic</strong></span> <span class='ocrx_word' id='word_1_51' title='bbox 2205 1122 2380 1194; x_wconf 88' lang='lat' dir='ltr'><strong>adeo</strong></span> <span class='ocrx_word' id='word_1_52' title='bbox 2425 1120 2710 1205; x_wconf 75' lang='lat' dir='ltr'><strong>necess‘e</strong></span> 
     </span>
     <span class='ocr_line' id='line_1_9' title="bbox 922 1214 2704 1317; baseline 0.002 -29"><span class='ocrx_word' id='word_1_53' title='bbox 922 1214 1086 1288; x_wconf 51' lang='lat' dir='ltr'><strong>*erit</strong></span> <span class='ocrx_word' id='word_1_54' title='bbox 1122 1272 1143 1305; x_wconf 93' lang='lat'>‚</span> <span class='ocrx_word' id='word_1_55' title='bbox 1213 1234 1289 1288; x_wconf 89' lang='lat' dir='ltr'><strong>ut</strong></span> <span class='ocrx_word' id='word_1_56' title='bbox 1323 1239 1485 1289; x_wconf 91' lang='lat' dir='ltr'><strong>cum</strong></span> <span class='ocrx_word' id='word_1_57' title='bbox 1520 1218 1619 1289; x_wconf 89' lang='lat' dir='ltr'><strong>Cl.</strong></span> <span class='ocrx_word' id='word_1_58' title='bbox 1665 1215 1940 1290; x_wconf 89' lang='lat' dir='ltr'><strong>Usserio</strong></span> <span class='ocrx_word' id='word_1_59' title='bbox 1979 1219 2021 1290; x_wconf 88' lang='lat' dir='ltr'><strong>l.</strong></span> <span class='ocrx_word' id='word_1_60' title='bbox 2061 1241 2123 1290; x_wconf 93' lang='lat' dir='ltr'><strong>c.</strong></span> <span class='ocrx_word' id='word_1_61' title='bbox 2170 1220 2640 1317; x_wconf 72' lang='lat' dir='ltr'>supponamus</span> <span class='ocrx_word' id='word_1_62' title='bbox 2679 1274 2704 1309; x_wconf 87' lang='lat'>‚</span> 
     </span>
    </p>
   </div>
   <div class='ocr_carea' id='block_1_3' title="bbox 858 1310 2707 1427">
    <p class='ocr_par' dir='ltr' id='par_1_3' title="bbox 858 1310 2707 1427">
     <span class='ocr_line' id='line_1_10' title="bbox 858 1310 2707 1427; baseline 0.003 -42"><span class='ocrx_word' id='word_1_63' title='bbox 858 1320 869 1330; x_wconf 86' lang='lat'><em>&#39;</em></span> <span class='ocrx_word' id='word_1_64' title='bbox 930 1310 1090 1385; x_wconf 70' lang='lat' dir='ltr'><strong>&#39;hoc</strong></span> <span class='ocrx_word' id='word_1_65' title='bbox 1125 1315 1465 1409; x_wconf 88' lang='lat' dir='ltr'><strong>temporis</strong></span> <span class='ocrx_word' id='word_1_66' title='bbox 1509 1313 1847 1410; x_wconf 82' lang='lat' dir='ltr'><strong>spatium,</strong></span> <span class='ocrx_word' id='word_1_67' title='bbox 1902 1339 2039 1412; x_wconf 92' lang='lat' dir='ltr'><strong>quo</strong></span> <span class='ocrx_word' id='word_1_68' title='bbox 2076 1315 2193 1390; x_wconf 92' lang='lat' dir='ltr'><strong>hic</strong></span> <span class='ocrx_word' id='word_1_69' title='bbox 2232 1317 2379 1395; x_wconf 87' lang='lat' dir='ltr'><strong>dies</strong></span> <span class='ocrx_word' id='word_1_70' title='bbox 2419 1315 2707 1427; x_wconf 69' lang='lat' dir='ltr'><strong>longius</strong></span> 
     </span>
    </p>
   </div>
   <div class='ocr_carea' id='block_1_4' title="bbox 928 1411 2711 1901">
    <p class='ocr_par' dir='ltr' id='par_1_4' title="bbox 928 1411 2711 1901">
     <span class='ocr_line' id='line_1_11' title="bbox 945 1411 2711 1510; baseline 0.004 -29"><span class='ocrx_word' id='word_1_71' title='bbox 945 1413 1340 1506; x_wconf 71' lang='lat' dir='ltr'><strong>protrac&#39;tus</strong></span> <span class='ocrx_word' id='word_1_72' title='bbox 1384 1411 1616 1486; x_wconf 85' lang='lat' dir='ltr'><strong>fuiffet</strong></span> <span class='ocrx_word' id='word_1_73' title='bbox 1653 1418 1674 1503; x_wconf 50' lang='grc' dir='ltr'><strong><em>ς</em></strong></span> <span class='ocrx_word' id='word_1_74' title='bbox 1744 1413 2057 1510; x_wconf 86' lang='lat' dir='ltr'><strong>sequenti</strong></span> <span class='ocrx_word' id='word_1_75' title='bbox 2105 1412 2302 1487; x_wconf 64' lang='lat' dir='ltr'><strong>nocti</strong></span> <span class='ocrx_word' id='word_1_76' title='bbox 2336 1412 2533 1487; x_wconf 83' lang='lat' dir='ltr'><strong>fuiffe</strong></span> <span class='ocrx_word' id='word_1_77' title='bbox 2576 1415 2711 1487; x_wconf 72' lang='lat' dir='ltr'><strong>de-</strong></span> 
     </span>
     <span class='ocr_line' id='line_1_12' title="bbox 930 1506 2701 1600; baseline 0.003 -20"><span class='ocrx_word' id='word_1_78' title='bbox 930 1506 1247 1582; x_wconf 69' lang='lat' dir='ltr'><strong>tra-&lt;stum</strong></span> <span class='ocrx_word' id='word_1_79' title='bbox 1302 1565 1324 1600; x_wconf 90' lang='lat'>,</span> <span class='ocrx_word' id='word_1_80' title='bbox 1397 1521 1473 1582; x_wconf 86' lang='lat' dir='ltr'><strong>ut</strong></span> <span class='ocrx_word' id='word_1_81' title='bbox 1516 1510 1658 1583; x_wconf 92' lang='lat' dir='ltr'><strong>hoc</strong></span> <span class='ocrx_word' id='word_1_82' title='bbox 1707 1513 1925 1584; x_wconf 89' lang='lat' dir='ltr'><strong>modo</strong></span> <span class='ocrx_word' id='word_1_83' title='bbox 1986 1512 2127 1586; x_wconf 82' lang='lat' dir='ltr'><strong>tres</strong></span> <span class='ocrx_word' id='word_1_84' title='bbox 2183 1512 2317 1585; x_wconf 87' lang='lat' dir='ltr'><strong>illae</strong></span> <span class='ocrx_word' id='word_1_85' title='bbox 2379 1514 2701 1586; x_wconf 87' lang='lat' dir='ltr'><strong>Lunares</strong></span> 
     </span>
     <span class='ocr_line' id='line_1_13' title="bbox 928 1605 2700 1703; baseline 0.002 -25"><span class='ocrx_word' id='word_1_86' title='bbox 928 1606 1257 1703; x_wconf 25' lang='lat' dir='ltr'><strong>„Eclipses</strong></span> <span class='ocrx_word' id='word_1_87' title='bbox 1314 1633 1356 1681; x_wconf 90' lang='lat' dir='ltr'><strong>a</strong></span> <span class='ocrx_word' id='word_1_88' title='bbox 1401 1609 1790 1682; x_wconf 86' lang='lat' dir='ltr'><strong>Ptolomaeo</strong></span> <span class='ocrx_word' id='word_1_89' title='bbox 1842 1629 2253 1682; x_wconf 87' lang='lat' dir='ltr'><strong>memoratae</strong></span> <span class='ocrx_word' id='word_1_90' title='bbox 2306 1632 2396 1682; x_wconf 86' lang='lat' dir='ltr'><strong>ex</strong></span> <span class='ocrx_word' id='word_1_91' title='bbox 2454 1605 2700 1682; x_wconf 85' lang='lat' dir='ltr'><strong>nostra</strong></span> 
     </span>
     <span class='ocr_line' id='line_1_14' title="bbox 942 1702 2698 1800; baseline 0.002 -24"><span class='ocrx_word' id='word_1_92' title='bbox 942 1702 1436 1800; x_wconf 86' lang='lat' dir='ltr'><strong>supputatione</strong></span> <span class='ocrx_word' id='word_1_93' title='bbox 1456 1722 1617 1780; x_wconf 88' lang='lat' dir='ltr'><strong>cum</strong></span> <span class='ocrx_word' id='word_1_94' title='bbox 1641 1706 2123 1781; x_wconf 84' lang='lat' dir='ltr'><strong>Chaldaeorum</strong></span> <span class='ocrx_word' id='word_1_95' title='bbox 2143 1707 2492 1780; x_wconf 84' lang='lat' dir='ltr'><strong>annotatis</strong></span> <span class='ocrx_word' id='word_1_96' title='bbox 2517 1729 2698 1779; x_wconf 89' lang='lat' dir='ltr'><strong>con-</strong></span> 
     </span>
     <span class='ocr_line' id='line_1_15' title="bbox 932 1802 2696 1901; baseline 0.001 -26"><span class='ocrx_word' id='word_1_97' title='bbox 932 1804 1255 1877; x_wconf 70' lang='lat' dir='ltr'><strong>veniant.</strong></span> <span class='ocrx_word' id='word_1_98' title='bbox 1354 1802 1696 1900; x_wconf 83' lang='lat' dir='ltr'><strong>Adeoque</strong></span> <span class='ocrx_word' id='word_1_99' title='bbox 1741 1802 1967 1876; x_wconf 58' lang='lat' dir='ltr'><strong>‘variae</strong></span> <span class='ocrx_word' id='word_1_100' title='bbox 2001 1803 2399 1901; x_wconf 87' lang='lat' dir='ltr'><strong>hujusmodi</strong></span> <span class='ocrx_word' id='word_1_101' title='bbox 2435 1802 2696 1901; x_wconf 85' lang='lat' dir='ltr'><strong>disqui-</strong></span> 
     </span>
    </p>
   </div>
   <div class='ocr_carea' id='block_1_5' title="bbox 880 1893 2714 2000">
    <p class='ocr_par' dir='ltr' id='par_1_5' title="bbox 880 1893 2714 2000">
     <span class='ocr_line' id='line_1_16' title="bbox 880 1893 2714 2000; baseline 0.002 -30"><span class='ocrx_word' id='word_1_102' title='bbox 880 1930 891 1933; x_wconf 92' lang='grc'><strong><em>·</em></strong></span> <span class='ocrx_word' id='word_1_103' title='bbox 937 1898 1220 1974; x_wconf 86' lang='lat' dir='ltr'><strong>fitiones</strong></span> <span class='ocrx_word' id='word_1_104' title='bbox 1257 1956 1278 1989; x_wconf 92' lang='lat'><strong>,</strong></span> <span class='ocrx_word' id='word_1_105' title='bbox 1352 1899 1469 1974; x_wconf 90' lang='lat' dir='ltr'><strong>seu</strong></span> <span class='ocrx_word' id='word_1_106' title='bbox 1509 1900 1949 1973; x_wconf 86' lang='lat' dir='ltr'><strong>difficultates</strong></span> <span class='ocrx_word' id='word_1_107' title='bbox 1978 1957 1999 1990; x_wconf 92' lang='lat'>‚</span> <span class='ocrx_word' id='word_1_108' title='bbox 2070 1893 2392 1999; x_wconf 47' lang='lat' dir='ltr'><strong>quae&#39;hic</strong></span> <span class='ocrx_word' id='word_1_109' title='bbox 2433 1900 2714 2000; x_wconf 81' lang='lat' dir='ltr'><strong>agitari</strong></span> 
     </span>
    </p>
   </div>
   <div class='ocr_carea' id='block_1_6' title="bbox 935 1993 2095 2092">
    <p class='ocr_par' dir='ltr' id='par_1_6' title="bbox 935 1993 2095 2092">
     <span class='ocr_line' id='line_1_17' title="bbox 935 1993 2095 2092; baseline 0.003 -25"><span class='ocrx_word' id='word_1_110' title='bbox 935 1994 1199 2086; x_wconf 90' lang='lat' dir='ltr'><strong>solent,</strong></span> <span class='ocrx_word' id='word_1_111' title='bbox 1253 1993 1502 2092; x_wconf 86' lang='lat' dir='ltr'><strong>sponte</strong></span> <span class='ocrx_word' id='word_1_112' title='bbox 1535 1996 1649 2070; x_wconf 90' lang='lat' dir='ltr'><strong>sua</strong></span> <span class='ocrx_word' id='word_1_113' title='bbox 1679 1997 2095 2071; x_wconf 86' lang='lat' dir='ltr'><strong>dilabuntur.</strong></span> 
     </span>
    </p>
   </div>
   <div class='ocr_carea' id='block_1_7' title="bbox 534 2058 2688 2227">
    <p class='ocr_par' dir='ltr' id='par_1_7' title="bbox 534 2058 2688 2227">
     <span class='ocr_line' id='line_1_18' title="bbox 534 2058 2688 2227; baseline -0.019 4"><span class='ocrx_word' id='word_1_114' title='bbox 534 2144 923 2227; x_wconf 24' lang='lat' dir='ltr'><strong>{Ps-LXXX.¹</strong></span> <span class='ocrx_word' id='word_1_115' title='bbox 1020 2112 1139 2184; x_wconf 88' lang='lat' dir='ltr'><strong>Ps.</strong></span> <span class='ocrx_word' id='word_1_116' title='bbox 1168 2107 1444 2182; x_wconf 84' lang='lat' dir='ltr'>LXXX.</span> <span class='ocrx_word' id='word_1_117' title='bbox 1485 2133 1553 2198; x_wconf 87' lang='grc'><strong>5.</strong></span> <span class='ocrx_word' id='word_1_118' title='bbox 1586 2115 1755 2203; x_wconf 63' lang='lat' dir='ltr'><strong>‘lm’</strong></span> <span class='ocrx_word' id='word_1_119' title='bbox 1798 2080 2079 2187; x_wconf 50' lang='grc' dir='ltr'><strong>ΠΒΒΠΞ</strong></span> <span class='ocrx_word' id='word_1_120' title='bbox 2121 2116 2336 2201; x_wconf 64' lang='lat' dir='ltr'><strong>mvl?</strong></span> <span class='ocrx_word' id='word_1_121' title='bbox 2379 2113 2542 2197; x_wconf 56' lang='lat' dir='ltr'><strong>*nn</strong></span> <span class='ocrx_word' id='word_1_122' title='bbox 2571 2058 2688 2193; x_wconf 49' lang='lat' dir='ltr'><strong>“lii</strong></span> 
     </span>
    </p>
   </div>
   <div class='ocr_carea' id='block_1_8' title="bbox 555 2235 613 2294">
    <p class='ocr_par' dir='ltr' id='par_1_8' title="bbox 555 2235 613 2294">
     <span class='ocr_line' id='line_1_19' title="bbox 555 2235 613 2294; baseline 0 -13"><span class='ocrx_word' id='word_1_123' title='bbox 555 2235 613 2294; x_wconf 77' lang='grc'><strong>5.</strong></span> 
     </span>
    </p>
   </div>
   <div class='ocr_carea' id='block_1_9' title="bbox 925 2205 2690 2699">
    <p class='ocr_par' dir='ltr' id='par_1_9' title="bbox 925 2205 2690 2699">
     <span class='ocr_line' id='line_1_20' title="bbox 935 2205 2690 2304; baseline -0.001 -21"><span class='ocrx_word' id='word_1_124' title='bbox 935 2208 1085 2283; x_wconf 89' lang='lat' dir='ltr'><strong>Hic</strong></span> <span class='ocrx_word' id='word_1_125' title='bbox 1138 2208 1372 2304; x_wconf 90' lang='lat' dir='ltr'><strong>primo</strong></span> <span class='ocrx_word' id='word_1_126' title='bbox 1423 2205 1678 2278; x_wconf 86' lang='lat' dir='ltr'><strong>intuitu</strong></span> <span class='ocrx_word' id='word_1_127' title='bbox 1730 2206 2162 2279; x_wconf 82' lang='lat' dir='ltr'><strong>Praeteritum</strong></span> <span class='ocrx_word' id='word_1_128' title='bbox 2219 2213 2432 2292; x_wconf 66' lang='lat' dir='ltr'><strong>mwy</strong></span> <span class='ocrx_word' id='word_1_129' title='bbox 2475 2207 2690 2282; x_wconf 88' lang='lat' dir='ltr'><strong>facile</strong></span> 
     </span>
     <span class='ocr_line' id='line_1_21' title="bbox 925 2301 2686 2403; baseline -0.001 -23"><span class='ocrx_word' id='word_1_130' title='bbox 925 2306 1241 2403; x_wconf 46' lang='lat' dir='ltr'><strong>‚cuipiam</strong></span> <span class='ocrx_word' id='word_1_131' title='bbox 1278 2304 1494 2378; x_wconf 87' lang='lat' dir='ltr'><strong>futuri</strong></span> <span class='ocrx_word' id='word_1_132' title='bbox 1533 2301 1667 2378; x_wconf 85' lang='lat' dir='ltr'><strong>esse</strong></span> <span class='ocrx_word' id='word_1_133' title='bbox 1692 2303 2032 2398; x_wconf 86' lang='lat' dir='ltr'><strong>temporis</strong></span> <span class='ocrx_word' id='word_1_134' title='bbox 2059 2304 2413 2385; x_wconf 73' lang='lat' dir='ltr'><strong>videretur</strong></span> <span class='ocrx_word' id='word_1_135' title='bbox 2433 2360 2454 2393; x_wconf 91' lang='lat'>,</span> <span class='ocrx_word' id='word_1_136' title='bbox 2475 2304 2686 2403; x_wconf 85' lang='lat' dir='ltr'><strong>atque</strong></span> 
     </span>
     <span class='ocr_line' id='line_1_22' title="bbox 931 2400 2680 2501; baseline -0.002 -22"><span class='ocrx_word' id='word_1_137' title='bbox 931 2402 1027 2480; x_wconf 84' lang='lat' dir='ltr'><strong>fic</strong></span> <span class='ocrx_word' id='word_1_138' title='bbox 1076 2400 1317 2501; x_wconf 86' lang='lat' dir='ltr'><strong>paffim</strong></span> <span class='ocrx_word' id='word_1_139' title='bbox 1364 2405 1449 2476; x_wconf 88' lang='lat' dir='ltr'><strong>ab</strong></span> <span class='ocrx_word' id='word_1_140' title='bbox 1498 2401 2001 2498; x_wconf 85' lang='lat' dir='ltr'><strong>Interpretibus</strong></span> <span class='ocrx_word' id='word_1_141' title='bbox 2046 2403 2306 2475; x_wconf 87' lang='lat' dir='ltr'><strong>Futuro</strong></span> <span class='ocrx_word' id='word_1_142' title='bbox 2360 2404 2680 2477; x_wconf 89' lang='lat' dir='ltr'><strong>vertitur.</strong></span> 
     </span>
     <span class='ocr_line' id='line_1_23' title="bbox 931 2498 2681 2597; baseline -0.001 -20"><span class='ocrx_word' id='word_1_143' title='bbox 931 2508 1034 2578; x_wconf 90' lang='lat' dir='ltr'><strong>At</strong></span> <span class='ocrx_word' id='word_1_144' title='bbox 1074 2528 1249 2577; x_wconf 88' lang='lat' dir='ltr'><strong>vero</strong></span> <span class='ocrx_word' id='word_1_145' title='bbox 1282 2498 1337 2573; x_wconf 83' lang='lat' dir='ltr'><strong>fi</strong></span> <span class='ocrx_word' id='word_1_146' title='bbox 1379 2501 1530 2575; x_wconf 87' lang='lat' dir='ltr'><strong>haec</strong></span> <span class='ocrx_word' id='word_1_147' title='bbox 1557 2524 1754 2575; x_wconf 88' lang='lat' dir='ltr'><strong>mens</strong></span> <span class='ocrx_word' id='word_1_148' title='bbox 1787 2499 1868 2572; x_wconf 86' lang='lat' dir='ltr'><strong>fit</strong></span> <span class='ocrx_word' id='word_1_149' title='bbox 1901 2500 2101 2597; x_wconf 88' lang='lat' dir='ltr'><strong>hujus</strong></span> <span class='ocrx_word' id='word_1_150' title='bbox 2141 2501 2282 2575; x_wconf 87' lang='lat' dir='ltr'><strong>loci</strong></span> <span class='ocrx_word' id='word_1_151' title='bbox 2313 2556 2334 2589; x_wconf 91' lang='lat'>,</span> <span class='ocrx_word' id='word_1_152' title='bbox 2383 2520 2459 2573; x_wconf 91' lang='lat' dir='ltr'><strong>ut</strong></span> <span class='ocrx_word' id='word_1_153' title='bbox 2493 2501 2681 2575; x_wconf 73' lang='lat' dir='ltr'><strong>fut-u·</strong></span> 
     </span>
     <span class='ocr_line' id='line_1_24' title="bbox 929 2597 2682 2699; baseline -0.001 -25"><span class='ocrx_word' id='word_1_154' title='bbox 929 2626 1087 2676; x_wconf 87' lang='lat' dir='ltr'><strong>rum</strong></span> <span class='ocrx_word' id='word_1_155' title='bbox 1122 2620 1396 2699; x_wconf 85' lang='lat' dir='ltr'><strong>tempus</strong></span> <span class='ocrx_word' id='word_1_156' title='bbox 1420 2601 1728 2673; x_wconf 81' lang='lat' dir='ltr'><strong>maxime</strong></span> <span class='ocrx_word' id='word_1_157' title='bbox 1758 2597 2164 2694; x_wconf 88' lang='lat' dir='ltr'><strong>respiciatur</strong></span> <span class='ocrx_word' id='word_1_158' title='bbox 2183 2653 2204 2687; x_wconf 88' lang='lat'><strong>,</strong></span> <span class='ocrx_word' id='word_1_159' title='bbox 2247 2598 2407 2695; x_wconf 90' lang='lat' dir='ltr'><strong>quid</strong></span> <span class='ocrx_word' id='word_1_160' title='bbox 2435 2598 2548 2687; x_wconf 91' lang='lat' dir='ltr'><strong>ni,</strong></span> <span class='ocrx_word' id='word_1_161' title='bbox 2573 2599 2682 2672; x_wconf 85' lang='lat' dir='ltr'><strong>uti</strong></span> 
     </span>
    </p>
   </div>
   <div class='ocr_carea' id='block_1_10' title="bbox 804 2696 2694 2794">
    <p class='ocr_par' dir='ltr' id='par_1_10' title="bbox 804 2696 2694 2794">
     <span class='ocr_line' id='line_1_25' title="bbox 804 2696 2694 2794; baseline -0.003 -21"><span class='ocrx_word' id='word_1_162' title='bbox 804 2702 807 2705; x_wconf 69' lang='grc'>’</span> <span class='ocrx_word' id='word_1_163' title='bbox 927 2701 1092 2773; x_wconf 84' lang='lat' dir='ltr'><strong>alias</strong></span> <span class='ocrx_word' id='word_1_164' title='bbox 1139 2699 1287 2773; x_wconf 90' lang='lat' dir='ltr'><strong>fere</strong></span> <span class='ocrx_word' id='word_1_165' title='bbox 1319 2698 1590 2794; x_wconf 87' lang='lat' dir='ltr'><strong>semper</strong></span> <span class='ocrx_word' id='word_1_166' title='bbox 1635 2696 1794 2793; x_wconf 87' lang='lat' dir='ltr'><strong>post</strong></span> <span class='ocrx_word' id='word_1_167' title='bbox 1843 2703 1989 2771; x_wconf 65' lang='grc' dir='ltr'><strong>’ΠΟ</strong></span> <span class='ocrx_word' id='word_1_168' title='bbox 2028 2702 2140 2777; x_wconf 74' lang='lat' dir='ltr'><strong>‘w</strong></span> <span class='ocrx_word' id='word_1_169' title='bbox 2182 2696 2298 2767; x_wconf 88' lang='lat' dir='ltr'><strong>hic</strong></span> <span class='ocrx_word' id='word_1_170' title='bbox 2337 2700 2694 2769; x_wconf 82' lang='lat' dir='ltr'><strong>Futurum</strong></span> 
     </span>
    </p>
   </div>
   <div class='ocr_carea' id='block_1_11' title="bbox 909 2792 2742 4074">
    <p class='ocr_par' dir='ltr' id='par_1_11' title="bbox 909 2792 2742 4074">
     <span class='ocr_line' id='line_1_26' title="bbox 929 2792 2678 2891; baseline -0.001 -22"><span class='ocrx_word' id='word_1_171' title='bbox 929 2817 1204 2891; x_wconf 89' lang='lat' dir='ltr'><strong>tempus</strong></span> <span class='ocrx_word' id='word_1_172' title='bbox 1264 2798 1617 2890; x_wconf 72' lang='lat' dir='ltr'><strong>ponitur?</strong></span> <span class='ocrx_word' id='word_1_173' title='bbox 1684 2796 1789 2866; x_wconf 93' lang='lat' dir='ltr'><strong>Eo</strong></span> <span class='ocrx_word' id='word_1_174' title='bbox 1839 2792 1989 2888; x_wconf 92' lang='lat' dir='ltr'><strong>ipso</strong></span> <span class='ocrx_word' id='word_1_175' title='bbox 2038 2809 2279 2880; x_wconf 84' lang='lat' dir='ltr'><strong>vero,</strong></span> <span class='ocrx_word' id='word_1_176' title='bbox 2345 2793 2500 2891; x_wconf 91' lang='lat' dir='ltr'><strong>quia</strong></span> <span class='ocrx_word' id='word_1_177' title='bbox 2554 2793 2678 2868; x_wconf 91' lang='lat' dir='ltr'><strong>hic</strong></span> 
     </span>
     <span class='ocr_line' id='line_1_27' title="bbox 923 2890 2673 2986; baseline 0 -20"><span class='ocrx_word' id='word_1_178' title='bbox 923 2893 1359 2966; x_wconf 87' lang='lat' dir='ltr'><strong>Praeteritum</strong></span> <span class='ocrx_word' id='word_1_179' title='bbox 1420 2893 1619 2965; x_wconf 87' lang='lat' dir='ltr'><strong>venit</strong></span> <span class='ocrx_word' id='word_1_180' title='bbox 1653 2946 1675 2980; x_wconf 86' lang='lat'><strong>,</strong></span> <span class='ocrx_word' id='word_1_181' title='bbox 1754 2912 1999 2986; x_wconf 87' lang='lat' dir='ltr'><strong>putem</strong></span> <span class='ocrx_word' id='word_1_182' title='bbox 2049 2891 2165 2964; x_wconf 92' lang='lat' dir='ltr'><strong>hic</strong></span> <span class='ocrx_word' id='word_1_183' title='bbox 2218 2890 2433 2963; x_wconf 91' lang='lat' dir='ltr'><strong>etiam</strong></span> <span class='ocrx_word' id='word_1_184' title='bbox 2490 2915 2673 2966; x_wconf 86' lang='lat' dir='ltr'><strong>vere</strong></span> 
     </span>
     <span class='ocr_line' id='line_1_28' title="bbox 919 2987 2671 3086; baseline 0.001 -25"><span class='ocrx_word' id='word_1_185' title='bbox 919 2988 1263 3082; x_wconf 65' lang='lat' dir='ltr'><strong>Praeteriti</strong></span> <span class='ocrx_word' id='word_1_186' title='bbox 1292 2987 1455 3085; x_wconf 89' lang='lat' dir='ltr'><strong>quid</strong></span> <span class='ocrx_word' id='word_1_187' title='bbox 1490 2987 1861 3086; x_wconf 80' lang='lat' dir='ltr'><strong>significari</strong></span> <span class='ocrx_word' id='word_1_188' title='bbox 1898 3012 1926 3061; x_wconf 64' lang='grc' dir='ltr'><strong>ε’</strong></span> <span class='ocrx_word' id='word_1_189' title='bbox 1969 3011 2197 3085; x_wconf 89' lang='lat' dir='ltr'><strong>neque</strong></span> <span class='ocrx_word' id='word_1_190' title='bbox 2240 2988 2415 3062; x_wconf 90' lang='lat' dir='ltr'><strong>adeo</strong></span> <span class='ocrx_word' id='word_1_191' title='bbox 2442 2991 2671 3063; x_wconf 90' lang='lat' dir='ltr'><strong>credi-</strong></span> 
     </span>
     <span class='ocr_line' id='line_1_29' title="bbox 920 3083 2666 3183; baseline 0.001 -23"><span class='ocrx_word' id='word_1_192' title='bbox 920 3086 1147 3169; x_wconf 87' lang='lat' dir='ltr'><strong>derim</strong></span> <span class='ocrx_word' id='word_1_193' title='bbox 1168 3141 1191 3174; x_wconf 89' lang='lat'>,</span> <span class='ocrx_word' id='word_1_194' title='bbox 1244 3083 1626 3159; x_wconf 80' lang='lat' dir='ltr'><strong>Ecclesiam</strong></span> <span class='ocrx_word' id='word_1_195' title='bbox 1661 3084 1778 3158; x_wconf 90' lang='lat' dir='ltr'><strong>hic</strong></span> <span class='ocrx_word' id='word_1_196' title='bbox 1796 3084 2017 3180; x_wconf 16' lang='lat' dir='ltr'><strong>‘anxie</strong></span> <span class='ocrx_word' id='word_1_197' title='bbox 2037 3110 2342 3183; x_wconf 87' lang='lat' dir='ltr'><strong>quaerere</strong></span> <span class='ocrx_word' id='word_1_198' title='bbox 2368 3142 2389 3175; x_wconf 94' lang='lat'><strong>,</strong></span> <span class='ocrx_word' id='word_1_199' title='bbox 2415 3110 2666 3183; x_wconf 87' lang='lat' dir='ltr'><strong>quous·</strong></span> 
     </span>
     <span class='ocr_line' id='line_1_30' title="bbox 923 3182 2662 3282; baseline 0.001 -25"><span class='ocrx_word' id='word_1_200' title='bbox 923 3209 1057 3282; x_wconf 90' lang='lat' dir='ltr'><strong>que</strong></span> <span class='ocrx_word' id='word_1_201' title='bbox 1088 3185 1282 3258; x_wconf 91' lang='lat' dir='ltr'><strong>Deus</strong></span> <span class='ocrx_word' id='word_1_202' title='bbox 1310 3185 1383 3256; x_wconf 91' lang='lat' dir='ltr'><strong>in</strong></span> <span class='ocrx_word' id='word_1_203' title='bbox 1425 3184 1736 3257; x_wconf 89' lang='lat' dir='ltr'><strong>futurum</strong></span> <span class='ocrx_word' id='word_1_204' title='bbox 1769 3182 2145 3277; x_wconf 73' lang='lat' dir='ltr'><strong>sumatur-us</strong></span> <span class='ocrx_word' id='word_1_205' title='bbox 2165 3183 2256 3278; x_wconf 77' lang='lat' dir='ltr'><strong>fit</strong></span> <span class='ocrx_word' id='word_1_206' title='bbox 2291 3202 2497 3257; x_wconf 78' lang='lat' dir='ltr'><strong>contra</strong></span> <span class='ocrx_word' id='word_1_207' title='bbox 2523 3204 2662 3278; x_wconf 83' lang='lat' dir='ltr'><strong>pre·</strong></span> 
     </span>
     <span class='ocr_line' id='line_1_31' title="bbox 917 3279 2662 3377; baseline 0.001 -21"><span class='ocrx_word' id='word_1_208' title='bbox 917 3307 1016 3356; x_wconf 83' lang='lat' dir='ltr'><strong>ces</strong></span> <span class='ocrx_word' id='word_1_209' title='bbox 1045 3284 1244 3377; x_wconf 82' lang='lat' dir='ltr'><strong>populi</strong></span> <span class='ocrx_word' id='word_1_210' title='bbox 1261 3279 1377 3375; x_wconf 85' lang='lat' dir='ltr'><strong>sui</strong></span> <span class='ocrx_word' id='word_1_211' title='bbox 1410 3300 1434 3351; x_wconf 93' lang='lat'><strong>.·</strong></span> <span class='ocrx_word' id='word_1_212' title='bbox 1485 3300 1555 3353; x_wconf 90' lang='lat' dir='ltr'><strong>at</strong></span> <span class='ocrx_word' id='word_1_213' title='bbox 1592 3280 1906 3355; x_wconf 77' lang='lat' dir='ltr'><strong>maxime</strong></span> <span class='ocrx_word' id='word_1_214' title='bbox 1936 3282 2114 3355; x_wconf 90' lang='lat' dir='ltr'><strong>mihi</strong></span> <span class='ocrx_word' id='word_1_215' title='bbox 2147 3282 2471 3356; x_wconf 89' lang='lat' dir='ltr'><strong>videntur</strong></span> <span class='ocrx_word' id='word_1_216' title='bbox 2507 3282 2662 3357; x_wconf 88' lang='lat' dir='ltr'><strong>haec</strong></span> 
     </span>
     <span class='ocr_line' id='line_1_32' title="bbox 918 3378 2692 3479; baseline 0.001 -26"><span class='ocrx_word' id='word_1_217' title='bbox 918 3383 1139 3454; x_wconf 81' lang='lat' dir='ltr'><strong>verba</strong></span> <span class='ocrx_word' id='word_1_218' title='bbox 1169 3379 1536 3478; x_wconf 87' lang='lat' dir='ltr'><strong>quaerelam</strong></span> <span class='ocrx_word' id='word_1_219' title='bbox 1557 3378 1706 3466; x_wconf 63' lang='lat' dir='ltr'><strong>⁸effe</strong></span> <span class='ocrx_word' id='word_1_220' title='bbox 1737 3379 2108 3468; x_wconf 84' lang='lat' dir='ltr'><strong>Ecclefiae,</strong></span> <span class='ocrx_word' id='word_1_221' title='bbox 2158 3384 2311 3474; x_wconf 83' lang='lat' dir='ltr'><strong>quod</strong></span> <span class='ocrx_word' id='word_1_222' title='bbox 2340 3383 2515 3455; x_wconf 84' lang='lat' dir='ltr'><strong>Deus</strong></span> <span class='ocrx_word' id='word_1_223' title='bbox 2519 3381 2692 3479; x_wconf 71' lang='lat' dir='ltr'><strong>jam&#39;</strong></span> 
     </span>
     <span class='ocr_line' id='line_1_33' title="bbox 909 3477 2670 3573; baseline 0.001 -24"><span class='ocrx_word' id='word_1_224' title='bbox 909 3496 1025 3572; x_wconf 83' lang='lat' dir='ltr'><strong>per</strong></span> <span class='ocrx_word' id='word_1_225' title='bbox 1058 3494 1188 3550; x_wconf 83' lang='lat' dir='ltr'><strong>tam</strong></span> <span class='ocrx_word' id='word_1_226' title='bbox 1229 3480 1469 3573; x_wconf 86' lang='lat' dir='ltr'><strong>longum</strong></span> <span class='ocrx_word' id='word_1_227' title='bbox 1508 3481 1788 3571; x_wconf 82' lang='lat' dir='ltr'><strong>temporis</strong></span> <span class='ocrx_word' id='word_1_228' title='bbox 1810 3477 2090 3572; x_wconf 82' lang='lat' dir='ltr'><strong>spatium</strong></span> <span class='ocrx_word' id='word_1_229' title='bbox 2122 3478 2479 3572; x_wconf 79' lang='lat' dir='ltr'><strong>fumaverit</strong></span> <span class='ocrx_word' id='word_1_230' title='bbox 2530 3502 2670 3564; x_wconf 52' lang='lat' dir='ltr'><strong>cous</strong></span> 
     </span>
     <span class='ocr_line' id='line_1_34' title="bbox 918 3571 2669 3673; baseline 0.002 -25"><span class='ocrx_word' id='word_1_231' title='bbox 918 3592 1023 3648; x_wconf 82' lang='lat' dir='ltr'><strong>tra</strong></span> <span class='ocrx_word' id='word_1_232' title='bbox 1060 3571 1265 3669; x_wconf 51' lang='lat' dir='ltr'><strong>pr‘eces</strong></span> <span class='ocrx_word' id='word_1_233' title='bbox 1299 3576 1500 3669; x_wconf 85' lang='lat' dir='ltr'><strong>populi</strong></span> <span class='ocrx_word' id='word_1_234' title='bbox 1526 3574 1658 3671; x_wconf 86' lang='lat' dir='ltr'><strong>sui.</strong></span> <span class='ocrx_word' id='word_1_235' title='bbox 1756 3575 1991 3673; x_wconf 89' lang='lat' dir='ltr'><strong>Atque</strong></span> <span class='ocrx_word' id='word_1_236' title='bbox 2039 3574 2217 3648; x_wconf 89' lang='lat' dir='ltr'><strong>adeo</strong></span> <span class='ocrx_word' id='word_1_237' title='bbox 2249 3576 2437 3649; x_wconf 87' lang='lat' dir='ltr'><strong>salva</strong></span> <span class='ocrx_word' id='word_1_238' title='bbox 2484 3578 2669 3651; x_wconf 85' lang='lat' dir='ltr'><strong>Prae-</strong></span> 
     </span>
     <span class='ocr_line' id='line_1_35' title="bbox 917 3670 2742 3767; baseline 0.001 -21"><span class='ocrx_word' id='word_1_239' title='bbox 917 3674 1112 3747; x_wconf 87' lang='lat' dir='ltr'><strong>teriti</strong></span> <span class='ocrx_word' id='word_1_240' title='bbox 1141 3674 1767 3767; x_wconf 75' lang='lat' dir='ltr'><strong>temporis-natura</strong></span> <span class='ocrx_word' id='word_1_241' title='bbox 1812 3672 1968 3747; x_wconf 84' lang='lat' dir='ltr'><strong>haec</strong></span> <span class='ocrx_word' id='word_1_242' title='bbox 2008 3676 2222 3748; x_wconf 77' lang='lat' dir='ltr'><strong>verba</strong></span> <span class='ocrx_word' id='word_1_243' title='bbox 2268 3670 2362 3746; x_wconf 84' lang='lat' dir='ltr'><strong>fic</strong></span> <span class='ocrx_word' id='word_1_244' title='bbox 2395 3674 2658 3748; x_wconf 89' lang='lat' dir='ltr'><strong>reddo:</strong></span> <span class='ocrx_word' id='word_1_245' title='bbox 2733 3689 2742 3692; x_wconf 76' lang='grc'><em>“</em></span> 
     </span>
     <span class='ocr_line' id='line_1_36' title="bbox 915 3770 2672 3869; baseline 0.002 -26"><span class='ocrx_word' id='word_1_246' title='bbox 915 3794 1099 3864; x_wconf 78' lang='lat' dir='ltr'><strong>usque</strong></span> <span class='ocrx_word' id='word_1_247' title='bbox 1127 3774 1212 3842; x_wconf 87' lang='lat' dir='ltr'><strong>ad</strong></span> <span class='ocrx_word' id='word_1_248' title='bbox 1240 3772 1393 3864; x_wconf 78' lang='lat' dir='ltr'><strong>quod</strong></span> <span class='ocrx_word' id='word_1_249' title='bbox 1421 3788 1693 3862; x_wconf 82' lang='lat' dir='ltr'><strong>tempus,</strong></span> <span class='ocrx_word' id='word_1_250' title='bbox 1747 3770 1818 3843; x_wconf 90' lang='lat' dir='ltr'><strong>h.</strong></span> <span class='ocrx_word' id='word_1_251' title='bbox 1858 3796 1918 3845; x_wconf 90' lang='lat' dir='ltr'><strong>e.</strong></span> <span class='ocrx_word' id='word_1_252' title='bbox 1946 3791 2058 3864; x_wconf 80' lang='lat' dir='ltr'><strong>per</strong></span> <span class='ocrx_word' id='word_1_253' title='bbox 2084 3772 2378 3866; x_wconf 79' lang='lat' dir='ltr'><strong>quodnam</strong></span> <span class='ocrx_word' id='word_1_254' title='bbox 2409 3776 2672 3869; x_wconf 76' lang='lat' dir='ltr'><strong>longum¹</strong></span> 
     </span>
     <span class='ocr_line' id='line_1_37' title="bbox 912 3862 2694 4074; baseline 0.001 -132"><span class='ocrx_word' id='word_1_255' title='bbox 912 3862 1483 3966; x_wconf 68' lang='lat' dir='ltr'><strong>teinporisspatium</strong></span> <span class='ocrx_word' id='word_1_256' title='bbox 1503 3868 1786 3970; x_wconf 81' lang='lat' dir='ltr'><strong>fumafii</strong></span> <span class='ocrx_word' id='word_1_257' title='bbox 1819 3876 2027 3945; x_wconf 76' lang='lat' dir='ltr'><strong>contr&#39;a</strong></span> <span class='ocrx_word' id='word_1_258' title='bbox 2048 3887 2255 3967; x_wconf 48' lang='lat' dir='ltr'><strong>precer</strong></span> <span class='ocrx_word' id='word_1_259' title='bbox 2271 3875 2475 3967; x_wconf 81' lang='lat' dir='ltr'><strong>populi</strong></span> <span class='ocrx_word' id='word_1_260' title='bbox 2497 3875 2597 4074; x_wconf 48' lang='lat' dir='ltr'><strong>tQui</strong></span> <span class='ocrx_word' id='word_1_261' title='bbox 2615 3872 2662 3958; x_wconf 64' lang='lat'><strong>⁴2,</strong></span> <span class='ocrx_word' id='word_1_262' title='bbox 2689 3887 2694 3892; x_wconf 88' lang='grc'><em>·</em></span> 
     </span>
     <span class='ocr_line' id='line_1_38' title="bbox 1396 3992 2655 4045; baseline 0.004 -5"><span class='ocrx_word' id='word_1_263' title='bbox 1396 4002 1403 4007; x_wconf 88' lang='grc'><em>·</em></span> <span class='ocrx_word' id='word_1_264' title='bbox 2571 3992 2655 4045; x_wconf 76' lang='lat' dir='ltr'><strong>ua</strong></span> 
     </span>
    </p>
   </div>
  </div>
 </body>
</html>
