<?xml version="1.0" encoding="UTF-8"?>
<!DOCTYPE html PUBLIC "-//W3C//DTD XHTML 1.0 Transitional//EN"
    "http://www.w3.org/TR/xhtml1/DTD/xhtml1-transitional.dtd">
<html xmlns="http://www.w3.org/1999/xhtml" xml:lang="en" lang="en">
 <head>
  <title>
</title>
<meta http-equiv="Content-Type" content="text/html;charset=utf-8" />
  <meta name='ocr-system' content='tesseract 3.04.00' />
  <meta name='ocr-capabilities' content='ocr_page ocr_carea ocr_par ocr_line ocrx_word'/>
</head>
<body>
  <div class='ocr_page' id='page_1' title='image "./dissertationesg00koolgoog_0057.png"; bbox 0 0 2900 4829; ppageno 0'>
   <div class='ocr_carea' id='block_1_1' title="bbox 629 450 1928 552">
    <p class='ocr_par' dir='ltr' id='par_1_1' title="bbox 629 450 1928 552">
     <span class='ocr_line' id='line_1_1' title="bbox 629 450 1928 552; baseline 0 -24"><span class='ocrx_word' id='word_1_1' title='bbox 629 457 929 531; x_wconf 78' lang='lat' dir='ltr'>Hebraeae</span> <span class='ocrx_word' id='word_1_2' title='bbox 962 459 1227 550; x_wconf 78' lang='lat' dir='ltr'>Linguae</span> <span class='ocrx_word' id='word_1_3' title='bbox 1254 450 1420 552; x_wconf 64' lang='lat' dir='ltr'>Diffi</span> <span class='ocrx_word' id='word_1_4' title='bbox 1457 454 1518 530; x_wconf 92' lang='grc' dir='ltr'>Ι.</span> <span class='ocrx_word' id='word_1_5' title='bbox 1773 537 1781 549; x_wconf 30' lang='lat' dir='ltr'><em>f</em></span> <span class='ocrx_word' id='word_1_6' title='bbox 1835 476 1928 551; x_wconf 81' lang='lat'>27</span> 
     </span>
    </p>
   </div>
   <div class='ocr_carea' id='block_1_2' title="bbox 123 574 1934 1362">
    <p class='ocr_par' dir='ltr' id='par_1_2' title="bbox 123 574 1934 1362">
     <span class='ocr_line' id='line_1_2' title="bbox 203 574 1934 674; baseline 0.001 -24"><span class='ocrx_word' id='word_1_7' title='bbox 203 602 439 674; x_wconf 89' lang='lat' dir='ltr'>porum</span> <span class='ocrx_word' id='word_1_8' title='bbox 482 574 743 651; x_wconf 89' lang='lat' dir='ltr'>habere</span> <span class='ocrx_word' id='word_1_9' title='bbox 799 576 1219 655; x_wconf 72' lang='lat' dir='ltr'>ceniendum</span> <span class='ocrx_word' id='word_1_10' title='bbox 1253 601 1283 663; x_wconf 87' lang='lat'>‚·</span> <span class='ocrx_word' id='word_1_11' title='bbox 1345 577 1396 650; x_wconf 86' lang='lat' dir='ltr'>fi</span> <span class='ocrx_word' id='word_1_12' title='bbox 1464 577 1934 651; x_wconf 84' lang='lat' dir='ltr'>Hebraeorum</span> 
     </span>
     <span class='ocr_line' id='line_1_3' title="bbox 201 674 1921 770; baseline -0.001 -22"><span class='ocrx_word' id='word_1_13' title='bbox 201 677 523 750; x_wconf 88' lang='lat' dir='ltr'>Futurum</span> <span class='ocrx_word' id='word_1_14' title='bbox 546 732 567 766; x_wconf 92' lang='lat'>‚</span> <span class='ocrx_word' id='word_1_15' title='bbox 624 674 740 749; x_wconf 85' lang='lat' dir='ltr'>ubi</span> <span class='ocrx_word' id='word_1_16' title='bbox 770 678 1058 770; x_wconf 68' lang='grc' dir='ltr'><em>αόςιστῶς</em></span> <span class='ocrx_word' id='word_1_17' title='bbox 1084 675 1199 748; x_wconf 90' lang='lat' dir='ltr'>seu</span> <span class='ocrx_word' id='word_1_18' title='bbox 1228 676 1532 769; x_wconf 81' lang='lat' dir='ltr'>indefinite</span> <span class='ocrx_word' id='word_1_19' title='bbox 1550 674 1921 770; x_wconf 86' lang='lat' dir='ltr'>loquimur,</span> 
     </span>
     <span class='ocr_line' id='line_1_4' title="bbox 201 773 1925 870; baseline -0.002 -23"><span class='ocrx_word' id='word_1_20' title='bbox 201 798 285 847; x_wconf 86' lang='lat' dir='ltr'>ex</span> <span class='ocrx_word' id='word_1_21' title='bbox 328 775 567 847; x_wconf 88' lang='lat' dir='ltr'>indole</span> <span class='ocrx_word' id='word_1_22' title='bbox 608 775 897 847; x_wconf 89' lang='lat' dir='ltr'>aliarum</span> <span class='ocrx_word' id='word_1_23' title='bbox 947 776 1372 870; x_wconf 88' lang='lat' dir='ltr'>Linguarum</span> <span class='ocrx_word' id='word_1_24' title='bbox 1405 830 1427 863; x_wconf 92' lang='lat'>,</span> <span class='ocrx_word' id='word_1_25' title='bbox 1496 774 1745 855; x_wconf 76' lang='lat' dir='ltr'>Graece</span> <span class='ocrx_word' id='word_1_26' title='bbox 1802 773 1925 846; x_wconf 88' lang='lat' dir='ltr'>suo</span> 
     </span>
     <span class='ocr_line' id='line_1_5' title="bbox 164 871 1927 970; baseline 0.001 -26"><span class='ocrx_word' id='word_1_27' title='bbox 164 871 470 944; x_wconf 78' lang='lat' dir='ltr'>&#39;Aoristo</span> <span class='ocrx_word' id='word_1_28' title='bbox 509 929 532 961; x_wconf 91' lang='lat'>‚</span> <span class='ocrx_word' id='word_1_29' title='bbox 604 874 854 946; x_wconf 88' lang='lat' dir='ltr'>Latine</span> <span class='ocrx_word' id='word_1_30' title='bbox 910 893 1028 945; x_wconf 89' lang='lat' dir='ltr'>aut</span> <span class='ocrx_word' id='word_1_31' title='bbox 1084 873 1355 970; x_wconf 80' lang='lat' dir='ltr'>Belgice</span> <span class='ocrx_word' id='word_1_32' title='bbox 1387 872 1709 968; x_wconf 86' lang='lat' dir='ltr'>praesenti</span> <span class='ocrx_word' id='word_1_33' title='bbox 1746 892 1927 945; x_wconf 88' lang='lat' dir='ltr'>tem-</span> 
     </span>
     <span class='ocr_line' id='line_1_6' title="bbox 166 969 1921 1069; baseline -0.002 -24"><span class='ocrx_word' id='word_1_34' title='bbox 166 1035 179 1045; x_wconf 85' lang='lat'><strong><em>.</em></strong></span> <span class='ocrx_word' id='word_1_35' title='bbox 200 993 370 1064; x_wconf 90' lang='lat' dir='ltr'>pore</span> <span class='ocrx_word' id='word_1_36' title='bbox 407 990 724 1045; x_wconf 86' lang='lat' dir='ltr'>vertam:</span> <span class='ocrx_word' id='word_1_37' title='bbox 792 995 1002 1069; x_wconf 88' lang='lat' dir='ltr'>quum</span> <span class='ocrx_word' id='word_1_38' title='bbox 1036 971 1195 1044; x_wconf 91' lang='lat' dir='ltr'>satis</span> <span class='ocrx_word' id='word_1_39' title='bbox 1238 971 1598 1066; x_wconf 85' lang='lat' dir='ltr'>analogice</span> <span class='ocrx_word' id='word_1_40' title='bbox 1626 969 1921 1065; x_wconf 80' lang='lat' dir='ltr'>Indefini-</span> 
     </span>
     <span class='ocr_line' id='line_1_7' title="bbox 194 1066 1925 1164; baseline 0.001 -26"><span class='ocrx_word' id='word_1_41' title='bbox 194 1086 319 1139; x_wconf 80' lang='lat' dir='ltr'>tum</span> <span class='ocrx_word' id='word_1_42' title='bbox 373 1066 632 1162; x_wconf 82' lang='lat' dir='ltr'><em>Tempus</em></span> <span class='ocrx_word' id='word_1_43' title='bbox 682 1071 1092 1163; x_wconf 69' lang='lat' dir='ltr'>pro&#39;lubitu</span> <span class='ocrx_word' id='word_1_44' title='bbox 1124 1125 1145 1158; x_wconf 92' lang='lat'><strong>,</strong></span> <span class='ocrx_word' id='word_1_45' title='bbox 1218 1089 1334 1143; x_wconf 87' lang='lat' dir='ltr'>aut</span> <span class='ocrx_word' id='word_1_46' title='bbox 1391 1069 1625 1164; x_wconf 87' lang='lat' dir='ltr'>potius</span> <span class='ocrx_word' id='word_1_47' title='bbox 1666 1093 1757 1143; x_wconf 80' lang='lat' dir='ltr'>ex</span> <span class='ocrx_word' id='word_1_48' title='bbox 1803 1068 1925 1142; x_wconf 88' lang='lat' dir='ltr'>usu</span> 
     </span>
     <span class='ocr_line' id='line_1_8' title="bbox 160 1166 1933 1263; baseline 0.002 -27"><span class='ocrx_word' id='word_1_49' title='bbox 160 1186 175 1213; x_wconf 52' lang='grc' dir='ltr'><em>Ι</em></span> <span class='ocrx_word' id='word_1_50' title='bbox 198 1166 485 1262; x_wconf 87' lang='lat' dir='ltr'>Linguae</span> <span class='ocrx_word' id='word_1_51' title='bbox 516 1223 537 1254; x_wconf 92' lang='lat'><strong>‚</strong></span> <span class='ocrx_word' id='word_1_52' title='bbox 606 1166 934 1240; x_wconf 86' lang='lat' dir='ltr'>Praesenti</span> <span class='ocrx_word' id='word_1_53' title='bbox 972 1168 1085 1240; x_wconf 92' lang='lat' dir='ltr'>vel</span> <span class='ocrx_word' id='word_1_54' title='bbox 1122 1169 1382 1263; x_wconf 88' lang='lat' dir='ltr'>Futuro</span> <span class='ocrx_word' id='word_1_55' title='bbox 1420 1167 1819 1261; x_wconf 85' lang='lat' dir='ltr'>exprimere</span> <span class='ocrx_word' id='word_1_56' title='bbox 1853 1168 1933 1239; x_wconf 89' lang='lat' dir='ltr'>li-</span> 
     </span>
     <span class='ocr_line' id='line_1_9' title="bbox 123 1263 1845 1362; baseline 0.002 -28"><span class='ocrx_word' id='word_1_57' title='bbox 123 1324 128 1353; x_wconf 63' lang='grc'>,</span> <span class='ocrx_word' id='word_1_58' title='bbox 198 1283 390 1354; x_wconf 80' lang='lat' dir='ltr'>ceat3</span> <span class='ocrx_word' id='word_1_59' title='bbox 434 1267 544 1338; x_wconf 78' lang='lat' dir='ltr'>‘uti</span> <span class='ocrx_word' id='word_1_60' title='bbox 578 1263 639 1362; x_wconf 52' lang='grc' dir='ltr'>ᾗ.</span> <span class='ocrx_word' id='word_1_61' title='bbox 673 1265 830 1338; x_wconf 86' lang='grc' dir='ltr'>ΧΠ.</span> <span class='ocrx_word' id='word_1_62' title='bbox 870 1267 1145 1340; x_wconf 86' lang='lat' dir='ltr'>uberius</span> <span class='ocrx_word' id='word_1_63' title='bbox 1188 1263 1845 1339; x_wconf 86' lang='lat' dir='ltr'>demonstravimus.</span> 
     </span>
    </p>
   </div>
   <div class='ocr_carea' id='block_1_3' title="bbox 914 1456 1232 1558">
    <p class='ocr_par' dir='ltr' id='par_1_3' title="bbox 914 1456 1232 1558">
     <span class='ocr_line' id='line_1_10' title="bbox 914 1456 1232 1558; baseline 0 -26"><span class='ocrx_word' id='word_1_64' title='bbox 914 1456 978 1558; x_wconf 75' lang='lat'>§-</span> <span class='ocrx_word' id='word_1_65' title='bbox 1031 1462 1232 1535; x_wconf 76' lang='lat' dir='ltr'>xiv.</span> 
     </span>
    </p>
   </div>
   <div class='ocr_carea' id='block_1_4' title="bbox 176 1653 2293 2144">
    <p class='ocr_par' dir='ltr' id='par_1_4' title="bbox 176 1653 2293 2144">
     <span class='ocr_line' id='line_1_11' title="bbox 280 1653 2253 1754; baseline -0.003 -27"><span class='ocrx_word' id='word_1_66' title='bbox 280 1655 409 1728; x_wconf 34' lang='lat' dir='ltr'>Exn</span> <span class='ocrx_word' id='word_1_67' title='bbox 447 1654 780 1729; x_wconf 63' lang='lat' dir='ltr'>hactenus</span> <span class='ocrx_word' id='word_1_68' title='bbox 828 1656 1203 1729; x_wconf 84' lang='lat' dir='ltr'>observatis</span> <span class='ocrx_word' id='word_1_69' title='bbox 1250 1656 1407 1754; x_wconf 86' lang='lat' dir='ltr'>jure</span> <span class='ocrx_word' id='word_1_70' title='bbox 1459 1653 1713 1727; x_wconf 89' lang='lat' dir='ltr'>merito</span> <span class='ocrx_word' id='word_1_71' title='bbox 1750 1674 2022 1736; x_wconf 68' lang='lat' dir='ltr'>con-Ex</span> <span class='ocrx_word' id='word_1_72' title='bbox 2059 1676 2253 1752; x_wconf 75' lang='lat' dir='ltr'>praedt-</span> 
     </span>
     <span class='ocr_line' id='line_1_12' title="bbox 189 1751 2285 1851; baseline -0 -27"><span class='ocrx_word' id='word_1_73' title='bbox 189 1754 375 1826; x_wconf 89' lang='lat' dir='ltr'>cludi</span> <span class='ocrx_word' id='word_1_74' title='bbox 410 1753 603 1851; x_wconf 77' lang='lat' dir='ltr'>pofl&#39;e</span> <span class='ocrx_word' id='word_1_75' title='bbox 634 1753 1025 1827; x_wconf 86' lang='lat' dir='ltr'>existimem</span> <span class='ocrx_word' id='word_1_76' title='bbox 1063 1810 1084 1843; x_wconf 92' lang='lat'><strong>,</strong></span> <span class='ocrx_word' id='word_1_77' title='bbox 1154 1754 1443 1832; x_wconf 88' lang='lat' dir='ltr'>omnino</span> <span class='ocrx_word' id='word_1_78' title='bbox 1502 1751 1918 1848; x_wconf 74' lang='lat' dir='ltr'>impossibile</span> <span class='ocrx_word' id='word_1_79' title='bbox 1935 1755 2030 1844; x_wconf 64' lang='lat' dir='ltr'>ftis</span> <span class='ocrx_word' id='word_1_80' title='bbox 2048 1753 2285 1823; x_wconf 83' lang='lat' dir='ltr'>elicitur,</span> 
     </span>
     <span class='ocr_line' id='line_1_13' title="bbox 184 1831 2278 1965; baseline 0 -43"><span class='ocrx_word' id='word_1_81' title='bbox 184 1850 317 1926; x_wconf 83' lang='lat' dir='ltr'>effe</span> <span class='ocrx_word' id='word_1_82' title='bbox 352 1909 375 1942; x_wconf 92' lang='lat'>‚</span> <span class='ocrx_word' id='word_1_83' title='bbox 445 1854 518 1924; x_wconf 91' lang='lat' dir='ltr'>in</span> <span class='ocrx_word' id='word_1_84' title='bbox 561 1852 880 1925; x_wconf 86' lang='lat' dir='ltr'>verfione</span> <span class='ocrx_word' id='word_1_85' title='bbox 916 1854 1262 1926; x_wconf 87' lang='lat' dir='ltr'>Hebraeae</span> <span class='ocrx_word' id='word_1_86' title='bbox 1299 1852 1588 1950; x_wconf 84' lang='lat' dir='ltr'>Linguae</span> <span class='ocrx_word' id='word_1_87' title='bbox 1623 1852 1694 1922; x_wconf 91' lang='lat' dir='ltr'>in</span> <span class='ocrx_word' id='word_1_88' title='bbox 1728 1849 1917 1922; x_wconf 88' lang='lat' dir='ltr'>Lati·</span> <span class='ocrx_word' id='word_1_89' title='bbox 1931 1831 2278 1965; x_wconf 64' lang='lat' dir='ltr'>Slmgularetm</span> 
     </span>
     <span class='ocr_line' id='line_1_14' title="bbox 177 1925 2293 2061; baseline 0.004 -40"><span class='ocrx_word' id='word_1_90' title='bbox 177 1971 342 2022; x_wconf 86' lang='lat' dir='ltr'>nam</span> <span class='ocrx_word' id='word_1_91' title='bbox 374 2006 399 2039; x_wconf 90' lang='lat'>‚</span> <span class='ocrx_word' id='word_1_92' title='bbox 454 1951 929 2024; x_wconf 87' lang='lat' dir='ltr'>Vernaculam</span> <span class='ocrx_word' id='word_1_93' title='bbox 967 1950 1272 2025; x_wconf 87' lang='lat' dir='ltr'>nostram</span> <span class='ocrx_word' id='word_1_94' title='bbox 1312 1952 1614 2023; x_wconf 85' lang='lat' dir='ltr'>aliamve</span> <span class='ocrx_word' id='word_1_95' title='bbox 1652 2005 1673 2039; x_wconf 93' lang='lat'>,</span> <span class='ocrx_word' id='word_1_96' title='bbox 1746 1925 2293 2061; x_wconf 49' lang='lat' dir='ltr'>sem-guaenz’ffeffi.</span> 
     </span>
     <span class='ocr_line' id='line_1_15' title="bbox 176 2046 2255 2144; baseline -0 -24"><span class='ocrx_word' id='word_1_97' title='bbox 176 2071 303 2143; x_wconf 89' lang='lat' dir='ltr'>per</span> <span class='ocrx_word' id='word_1_98' title='bbox 340 2048 660 2144; x_wconf 90' lang='lat' dir='ltr'>Tempus</span> <span class='ocrx_word' id='word_1_99' title='bbox 695 2050 1058 2144; x_wconf 89' lang='lat' dir='ltr'>Tempore</span> <span class='ocrx_word' id='word_1_100' title='bbox 1089 2105 1110 2136; x_wconf 92' lang='lat'><strong>,</strong></span> <span class='ocrx_word' id='word_1_101' title='bbox 1183 2070 1299 2124; x_wconf 91' lang='lat' dir='ltr'>aut</span> <span class='ocrx_word' id='word_1_102' title='bbox 1335 2050 1643 2122; x_wconf 91' lang='lat' dir='ltr'>Modum</span> <span class='ocrx_word' id='word_1_103' title='bbox 1681 2046 1914 2120; x_wconf 92' lang='lat' dir='ltr'>Modo</span> <span class='ocrx_word' id='word_1_104' title='bbox 1929 2064 2051 2138; x_wconf 81' lang='lat' dir='ltr'>quis</span> <span class='ocrx_word' id='word_1_105' title='bbox 2115 2063 2255 2119; x_wconf 83' lang='lat' dir='ltr'>Lin-</span> 
     </span>
    </p>
   </div>
   <div class='ocr_carea' id='block_1_5' title="bbox 178 2138 2276 2245">
    <p class='ocr_par' dir='ltr' id='par_1_5' title="bbox 178 2138 2276 2245">
     <span class='ocr_line' id='line_1_16' title="bbox 178 2138 2276 2245; baseline -0.004 -27"><span class='ocrx_word' id='word_1_106' title='bbox 178 2164 513 2236; x_wconf 83' lang='lat' dir='ltr'>vertere3</span> <span class='ocrx_word' id='word_1_107' title='bbox 580 2171 790 2245; x_wconf 89' lang='lat' dir='ltr'>quum</span> <span class='ocrx_word' id='word_1_108' title='bbox 837 2148 1140 2220; x_wconf 84' lang='lat' dir='ltr'>Hebraea</span> <span class='ocrx_word' id='word_1_109' title='bbox 1183 2149 1456 2245; x_wconf 81' lang='lat' dir='ltr'>Lingua</span> <span class='ocrx_word' id='word_1_110' title='bbox 1506 2146 1745 2243; x_wconf 85' lang='lat' dir='ltr'>paucis</span> <span class='ocrx_word' id='word_1_111' title='bbox 1777 2145 1908 2218; x_wconf 87' lang='lat' dir='ltr'>suis</span> <span class='ocrx_word' id='word_1_112' title='bbox 1926 2141 2047 2212; x_wconf 86' lang='lat' dir='ltr'>guis</span> <span class='ocrx_word' id='word_1_113' title='bbox 2092 2138 2276 2197; x_wconf 79' lang='lat' dir='ltr'>diver-</span> 
     </span>
    </p>
   </div>
   <div class='ocr_carea' id='block_1_6' title="bbox 1861 2215 2407 2274">
    <p class='ocr_par' dir='ltr' id='par_1_6' title="bbox 1861 2215 2407 2274">
     <span class='ocr_line' id='line_1_17' title="bbox 1861 2215 2407 2274; baseline 0.002 -1"><span class='ocrx_word' id='word_1_114' title='bbox 1861 2244 1876 2256; x_wconf 92' lang='lat'><strong>·</strong></span> <span class='ocrx_word' id='word_1_115' title='bbox 1924 2215 2033 2274; x_wconf 82' lang='lat' dir='ltr'>sam</span> <span class='ocrx_word' id='word_1_116' title='bbox 2063 2217 2289 2274; x_wconf 83' lang='lat' dir='ltr'>effehac</span> <span class='ocrx_word' id='word_1_117' title='bbox 2397 2224 2407 2244; x_wconf 63' lang='lat'>*</span> 
     </span>
    </p>
   </div>
   <div class='ocr_carea' id='block_1_7' title="bbox 92 2242 2288 4109">
    <p class='ocr_par' dir='ltr' id='par_1_7' title="bbox 92 2242 2288 4022">
     <span class='ocr_line' id='line_1_18' title="bbox 179 2242 2287 2369; baseline 0 -54"><span class='ocrx_word' id='word_1_118' title='bbox 179 2245 612 2340; x_wconf 87' lang='lat' dir='ltr'>temporibus</span> <span class='ocrx_word' id='word_1_119' title='bbox 671 2268 915 2318; x_wconf 90' lang='lat' dir='ltr'>omnes</span> <span class='ocrx_word' id='word_1_120' title='bbox 964 2264 1375 2340; x_wconf 37' lang='lat' dir='ltr'>temporum,</span> <span class='ocrx_word' id='word_1_121' title='bbox 1409 2245 1672 2318; x_wconf 83' lang='lat' dir='ltr'>formas</span> <span class='ocrx_word' id='word_1_122' title='bbox 1708 2242 1910 2341; x_wconf 85' lang='lat' dir='ltr'>figm-</span> <span class='ocrx_word' id='word_1_123' title='bbox 1933 2297 1986 2352; x_wconf 83' lang='lat' dir='ltr'>in</span> <span class='ocrx_word' id='word_1_124' title='bbox 2019 2308 2172 2369; x_wconf 80' lang='lat' dir='ltr'>parte</span> <span class='ocrx_word' id='word_1_125' title='bbox 2203 2296 2287 2353; x_wconf 81' lang='lat' dir='ltr'>in-</span> 
     </span>
     <span class='ocr_line' id='line_1_19' title="bbox 174 2341 2288 2442; baseline 0.003 -29"><span class='ocrx_word' id='word_1_126' title='bbox 174 2341 352 2416; x_wconf 87' lang='lat' dir='ltr'>‘ficet</span> <span class='ocrx_word' id='word_1_127' title='bbox 383 2398 403 2431; x_wconf 88' lang='lat'>‚</span> <span class='ocrx_word' id='word_1_128' title='bbox 479 2359 643 2441; x_wconf 88' lang='lat' dir='ltr'>quas</span> <span class='ocrx_word' id='word_1_129' title='bbox 688 2344 843 2416; x_wconf 87' lang='lat' dir='ltr'>aliae</span> <span class='ocrx_word' id='word_1_130' title='bbox 877 2367 1298 2441; x_wconf 87' lang='lat' dir='ltr'>quaecunque</span> <span class='ocrx_word' id='word_1_131' title='bbox 1334 2344 1624 2442; x_wconf 85' lang='lat' dir='ltr'>Linguae</span> <span class='ocrx_word' id='word_1_132' title='bbox 1682 2343 1914 2417; x_wconf 89' lang='lat' dir='ltr'>Variis</span> <span class='ocrx_word' id='word_1_133' title='bbox 1931 2371 2119 2430; x_wconf 82' lang='lat' dir='ltr'>dolem</span> <span class='ocrx_word' id='word_1_134' title='bbox 2171 2373 2288 2430; x_wconf 85' lang='lat' dir='ltr'>He-</span> 
     </span>
     <span class='ocr_line' id='line_1_20' title="bbox 181 2438 2273 2539; baseline -0.001 -28"><span class='ocrx_word' id='word_1_135' title='bbox 181 2438 314 2513; x_wconf 87' lang='lat' dir='ltr'>suis</span> <span class='ocrx_word' id='word_1_136' title='bbox 344 2442 819 2539; x_wconf 88' lang='lat' dir='ltr'>Temporibus</span> <span class='ocrx_word' id='word_1_137' title='bbox 847 2466 927 2514; x_wconf 92' lang='lat' dir='ltr'>ac</span> <span class='ocrx_word' id='word_1_138' title='bbox 962 2442 1225 2514; x_wconf 86' lang='lat' dir='ltr'>Modis.</span> <span class='ocrx_word' id='word_1_139' title='bbox 1297 2442 1493 2536; x_wconf 78' lang='lat' dir='ltr'>Hinc</span> <span class='ocrx_word' id='word_1_140' title='bbox 1524 2443 1730 2537; x_wconf 86' lang='lat' dir='ltr'>plane</span> <span class='ocrx_word' id='word_1_141' title='bbox 1760 2463 1917 2535; x_wconf 89' lang='lat' dir='ltr'>per·</span> <span class='ocrx_word' id='word_1_142' title='bbox 1933 2452 2111 2507; x_wconf 83' lang='lat' dir='ltr'>braeae</span> <span class='ocrx_word' id='word_1_143' title='bbox 2137 2451 2273 2508; x_wconf 85' lang='lat' dir='ltr'>Lin-</span> 
     </span>
     <span class='ocr_line' id='line_1_21' title="bbox 181 2537 2068 2632; baseline -0.003 -24"><span class='ocrx_word' id='word_1_144' title='bbox 181 2537 408 2612; x_wconf 78' lang='lat' dir='ltr'>suasus</span> <span class='ocrx_word' id='word_1_145' title='bbox 442 2538 589 2612; x_wconf 87' lang='lat' dir='ltr'>sum</span> <span class='ocrx_word' id='word_1_146' title='bbox 621 2596 642 2629; x_wconf 92' lang='lat'><strong>,</strong></span> <span class='ocrx_word' id='word_1_147' title='bbox 710 2563 827 2612; x_wconf 89' lang='lat' dir='ltr'>me</span> <span class='ocrx_word' id='word_1_148' title='bbox 866 2541 1098 2613; x_wconf 90' lang='lat' dir='ltr'>oleum</span> <span class='ocrx_word' id='word_1_149' title='bbox 1135 2539 1213 2613; x_wconf 69' lang='grc' dir='ltr'>ἃ</span> <span class='ocrx_word' id='word_1_150' title='bbox 1263 2563 1307 2611; x_wconf 94' lang='lat' dir='ltr'>o</span> <span class='ocrx_word' id='word_1_151' title='bbox 1362 2562 1553 2611; x_wconf 88' lang='lat' dir='ltr'>eram</span> <span class='ocrx_word' id='word_1_152' title='bbox 1606 2538 2068 2632; x_wconf 63' lang='lat' dir='ltr'>perdita-guae·</span> 
     </span>
     <span class='ocr_line' id='line_1_22' title="bbox 177 2633 1918 2726; baseline -0.001 -18"><span class='ocrx_word' id='word_1_153' title='bbox 177 2660 336 2709; x_wconf 89' lang='lat' dir='ltr'>rum</span> <span class='ocrx_word' id='word_1_154' title='bbox 371 2693 396 2726; x_wconf 89' lang='lat'>‚</span> <span class='ocrx_word' id='word_1_155' title='bbox 465 2637 517 2709; x_wconf 85' lang='lat' dir='ltr'>fi</span> <span class='ocrx_word' id='word_1_156' title='bbox 567 2662 655 2712; x_wconf 92' lang='lat' dir='ltr'>eo</span> <span class='ocrx_word' id='word_1_157' title='bbox 715 2639 1189 2711; x_wconf 88' lang='lat' dir='ltr'>allaborarem.</span> <span class='ocrx_word' id='word_1_158' title='bbox 1349 2636 1497 2708; x_wconf 90' lang='lat' dir='ltr'>nim</span> <span class='ocrx_word' id='word_1_159' title='bbox 1563 2657 1738 2709; x_wconf 90' lang='lat' dir='ltr'>vero</span> <span class='ocrx_word' id='word_1_160' title='bbox 1775 2689 1797 2723; x_wconf 91' lang='lat'>‚</span> <span class='ocrx_word' id='word_1_161' title='bbox 1866 2633 1918 2707; x_wconf 87' lang='lat' dir='ltr'>si</span> 
     </span>
     <span class='ocr_line' id='line_1_23' title="bbox 177 2731 1922 2833; baseline -0.002 -24"><span class='ocrx_word' id='word_1_162' title='bbox 177 2735 358 2809; x_wconf 87' lang='lat' dir='ltr'>adeo</span> <span class='ocrx_word' id='word_1_163' title='bbox 415 2733 823 2833; x_wconf 75' lang='lat' dir='ltr'>singularem</span> <span class='ocrx_word' id='word_1_164' title='bbox 866 2791 889 2826; x_wconf 89' lang='lat'>,</span> <span class='ocrx_word' id='word_1_165' title='bbox 953 2731 1244 2832; x_wconf 72' lang='lat' dir='ltr'>atque&#39;a</span> <span class='ocrx_word' id='word_1_166' title='bbox 1294 2734 1573 2832; x_wconf 88' lang='lat' dir='ltr'>reliquis</span> <span class='ocrx_word' id='word_1_167' title='bbox 1630 2733 1922 2829; x_wconf 85' lang='lat' dir='ltr'>Linguis</span> 
     </span>
     <span class='ocr_line' id='line_1_24' title="bbox 179 2832 1922 2930; baseline -0.002 -23"><span class='ocrx_word' id='word_1_168' title='bbox 179 2832 531 2907; x_wconf 89' lang='lat' dir='ltr'>diversam</span> <span class='ocrx_word' id='word_1_169' title='bbox 606 2834 676 2906; x_wconf 91' lang='lat' dir='ltr'>in</span> <span class='ocrx_word' id='word_1_170' title='bbox 754 2835 1060 2907; x_wconf 86' lang='lat' dir='ltr'>Hebraea</span> <span class='ocrx_word' id='word_1_171' title='bbox 1135 2832 1405 2930; x_wconf 91' lang='lat' dir='ltr'>Lingua</span> <span class='ocrx_word' id='word_1_172' title='bbox 1467 2832 1922 2928; x_wconf 80' lang='lat' dir='ltr'>observemus</span> 
     </span>
     <span class='ocr_line' id='line_1_25' title="bbox 180 2929 1954 3027; baseline 0.002 -24"><span class='ocrx_word' id='word_1_173' title='bbox 180 2931 599 3004; x_wconf 88' lang='lat' dir='ltr'>methodum</span> <span class='ocrx_word' id='word_1_174' title='bbox 667 2932 739 3003; x_wconf 91' lang='lat' dir='ltr'>in</span> <span class='ocrx_word' id='word_1_175' title='bbox 814 2933 1220 3005; x_wconf 87' lang='lat' dir='ltr'>Verborum</span> <span class='ocrx_word' id='word_1_176' title='bbox 1297 2933 1772 3027; x_wconf 86' lang='lat' dir='ltr'>Temporibus</span> <span class='ocrx_word' id='word_1_177' title='bbox 1840 2929 1954 3007; x_wconf 85' lang='lat'>&amp;·</span> 
     </span>
     <span class='ocr_line' id='line_1_26' title="bbox 176 3028 1924 3126; baseline 0.001 -26"><span class='ocrx_word' id='word_1_178' title='bbox 176 3030 428 3101; x_wconf 89' lang='lat' dir='ltr'>Modis</span> <span class='ocrx_word' id='word_1_179' title='bbox 478 3030 863 3102; x_wconf 88' lang='lat' dir='ltr'>formandis</span> <span class='ocrx_word' id='word_1_180' title='bbox 905 3052 985 3103; x_wconf 88' lang='lat' dir='ltr'>ac</span> <span class='ocrx_word' id='word_1_181' title='bbox 1025 3028 1531 3126; x_wconf 77' lang='lat' dir='ltr'>fignificandiS,</span> <span class='ocrx_word' id='word_1_182' title='bbox 1583 3030 1762 3103; x_wconf 89' lang='lat' dir='ltr'>mihi</span> <span class='ocrx_word' id='word_1_183' title='bbox 1798 3029 1924 3104; x_wconf 88' lang='lat' dir='ltr'>sal·</span> 
     </span>
     <span class='ocr_line' id='line_1_27' title="bbox 179 3126 1919 3221; baseline 0.001 -23"><span class='ocrx_word' id='word_1_184' title='bbox 179 3144 327 3200; x_wconf 91' lang='lat' dir='ltr'>tem</span> <span class='ocrx_word' id='word_1_185' title='bbox 383 3126 458 3201; x_wconf 90' lang='lat' dir='ltr'>in</span> <span class='ocrx_word' id='word_1_186' title='bbox 507 3126 642 3201; x_wconf 90' lang='lat' dir='ltr'>hac</span> <span class='ocrx_word' id='word_1_187' title='bbox 697 3128 785 3201; x_wconf 90' lang='lat' dir='ltr'>de</span> <span class='ocrx_word' id='word_1_188' title='bbox 827 3129 1290 3203; x_wconf 86' lang='lat' dir='ltr'>Hebraeorum</span> <span class='ocrx_word' id='word_1_189' title='bbox 1321 3128 1798 3221; x_wconf 90' lang='lat' dir='ltr'>Temporibus</span> <span class='ocrx_word' id='word_1_190' title='bbox 1834 3150 1919 3200; x_wconf 90' lang='lat' dir='ltr'>ac</span> 
     </span>
     <span class='ocr_line' id='line_1_28' title="bbox 177 3222 1923 3322; baseline 0 -24"><span class='ocrx_word' id='word_1_191' title='bbox 177 3225 429 3298; x_wconf 92' lang='lat' dir='ltr'>Modis</span> <span class='ocrx_word' id='word_1_192' title='bbox 507 3223 1011 3322; x_wconf 83' lang='lat' dir='ltr'>Disquifitione</span> <span class='ocrx_word' id='word_1_193' title='bbox 1067 3222 1358 3300; x_wconf 88' lang='lat' dir='ltr'>sufficiet</span> <span class='ocrx_word' id='word_1_194' title='bbox 1390 3276 1414 3311; x_wconf 88' lang='lat'><strong>‚</strong></span> <span class='ocrx_word' id='word_1_195' title='bbox 1484 3223 1565 3310; x_wconf 66' lang='lat' dir='ltr'>&lt;Sc</span> <span class='ocrx_word' id='word_1_196' title='bbox 1628 3226 1745 3297; x_wconf 86' lang='lat' dir='ltr'>sco</span> <span class='ocrx_word' id='word_1_197' title='bbox 1801 3249 1923 3298; x_wconf 88' lang='lat' dir='ltr'>um</span> 
     </span>
     <span class='ocr_line' id='line_1_29' title="bbox 178 3322 1921 3422; baseline 0.001 -27"><span class='ocrx_word' id='word_1_198' title='bbox 178 3346 423 3396; x_wconf 89' lang='lat' dir='ltr'>meum</span> <span class='ocrx_word' id='word_1_199' title='bbox 461 3322 868 3422; x_wconf 88' lang='lat' dir='ltr'>adsequutus</span> <span class='ocrx_word' id='word_1_200' title='bbox 906 3324 1041 3397; x_wconf 85' lang='lat' dir='ltr'>effe</span> <span class='ocrx_word' id='word_1_201' title='bbox 1094 3324 1269 3396; x_wconf 89' lang='lat' dir='ltr'>mihi</span> <span class='ocrx_word' id='word_1_202' title='bbox 1315 3322 1611 3396; x_wconf 89' lang='lat' dir='ltr'>videbor</span> <span class='ocrx_word' id='word_1_203' title='bbox 1637 3377 1659 3413; x_wconf 90' lang='lat'>,</span> <span class='ocrx_word' id='word_1_204' title='bbox 1757 3347 1782 3394; x_wconf 91' lang='lat'><strong>1</strong></span> <span class='ocrx_word' id='word_1_205' title='bbox 1822 3322 1921 3396; x_wconf 88' lang='lat' dir='ltr'>se-</span> 
     </span>
     <span class='ocr_line' id='line_1_30' title="bbox 178 3420 1916 3518; baseline -0.001 -24"><span class='ocrx_word' id='word_1_206' title='bbox 178 3421 488 3494; x_wconf 86' lang='lat' dir='ltr'>cundum</span> <span class='ocrx_word' id='word_1_207' title='bbox 546 3422 852 3494; x_wconf 89' lang='lat' dir='ltr'>indolem</span> <span class='ocrx_word' id='word_1_208' title='bbox 901 3423 1191 3518; x_wconf 86' lang='lat' dir='ltr'>Linguae</span> <span class='ocrx_word' id='word_1_209' title='bbox 1240 3441 1528 3496; x_wconf 86' lang='lat' dir='ltr'>omnem</span> <span class='ocrx_word' id='word_1_210' title='bbox 1563 3420 1851 3493; x_wconf 90' lang='lat' dir='ltr'>modum</span> <span class='ocrx_word' id='word_1_211' title='bbox 1891 3475 1916 3510; x_wconf 88' lang='lat'>‚</span> 
     </span>
     <span class='ocr_line' id='line_1_31' title="bbox 178 3519 1919 3617; baseline -0.002 -25"><span class='ocrx_word' id='word_1_212' title='bbox 178 3545 318 3617; x_wconf 89' lang='lat' dir='ltr'>quo</span> <span class='ocrx_word' id='word_1_213' title='bbox 397 3519 594 3591; x_wconf 87' lang='lat' dir='ltr'>varia</span> <span class='ocrx_word' id='word_1_214' title='bbox 668 3538 991 3615; x_wconf 87' lang='lat' dir='ltr'>tempora</span> <span class='ocrx_word' id='word_1_215' title='bbox 1052 3520 1440 3617; x_wconf 91' lang='lat' dir='ltr'>modosque</span> <span class='ocrx_word' id='word_1_216' title='bbox 1521 3519 1919 3615; x_wconf 82' lang='lat' dir='ltr'>exprimere</span> 
     </span>
     <span class='ocr_line' id='line_1_32' title="bbox 92 3616 1925 3716; baseline -0.001 -29"><span class='ocrx_word' id='word_1_217' title='bbox 92 3670 101 3687; x_wconf 89' lang='lat'><strong>.</strong></span> <span class='ocrx_word' id='word_1_218' title='bbox 174 3634 420 3691; x_wconf 89' lang='lat' dir='ltr'>amant</span> <span class='ocrx_word' id='word_1_219' title='bbox 452 3617 741 3716; x_wconf 76' lang='lat' dir='ltr'>Hebraei</span> <span class='ocrx_word' id='word_1_220' title='bbox 769 3616 1009 3713; x_wconf 81' lang='lat' dir='ltr'>paucis</span> <span class='ocrx_word' id='word_1_221' title='bbox 1041 3617 1174 3691; x_wconf 90' lang='lat' dir='ltr'>suis</span> <span class='ocrx_word' id='word_1_222' title='bbox 1209 3616 1638 3714; x_wconf 82' lang='lat' dir='ltr'>temporibus</span> <span class='ocrx_word' id='word_1_223' title='bbox 1672 3672 1694 3705; x_wconf 90' lang='lat'><strong>,</strong></span> <span class='ocrx_word' id='word_1_224' title='bbox 1771 3639 1925 3689; x_wconf 85' lang='lat' dir='ltr'>cer-</span> 
     </span>
     <span class='ocr_line' id='line_1_33' title="bbox 171 3712 1915 3821; baseline 0.001 -34"><span class='ocrx_word' id='word_1_225' title='bbox 171 3716 262 3789; x_wconf 89' lang='lat' dir='ltr'>tis</span> <span class='ocrx_word' id='word_1_226' title='bbox 309 3714 721 3811; x_wconf 88' lang='lat' dir='ltr'>quibusdam</span> <span class='ocrx_word' id='word_1_227' title='bbox 769 3715 1022 3813; x_wconf 89' lang='lat' dir='ltr'>regulis</span> <span class='ocrx_word' id='word_1_228' title='bbox 1056 3773 1077 3806; x_wconf 85' lang='lat'><strong>,</strong></span> <span class='ocrx_word' id='word_1_229' title='bbox 1144 3717 1464 3796; x_wconf 77' lang='lat' dir='ltr'>locorum</span> <span class='ocrx_word' id='word_1_230' title='bbox 1509 3712 1915 3821; x_wconf 52' lang='lat' dir='ltr'>indthione</span> 
     </span>
     <span class='ocr_line' id='line_1_34' title="bbox 167 3810 1910 3912; baseline -0.001 -26"><span class='ocrx_word' id='word_1_231' title='bbox 167 3811 416 3908; x_wconf 81' lang='lat' dir='ltr'>passim</span> <span class='ocrx_word' id='word_1_232' title='bbox 471 3810 792 3886; x_wconf 88' lang='lat' dir='ltr'>formatis</span> <span class='ocrx_word' id='word_1_233' title='bbox 851 3814 1300 3912; x_wconf 85' lang='lat' dir='ltr'>probatisque</span> <span class='ocrx_word' id='word_1_234' title='bbox 1337 3869 1359 3903; x_wconf 91' lang='lat'>‚</span> <span class='ocrx_word' id='word_1_235' title='bbox 1433 3812 1910 3909; x_wconf 84' lang='lat' dir='ltr'>adstringam3</span> 
     </span>
     <span class='ocr_line' id='line_1_35' title="bbox 170 3909 1903 4022; baseline -0.003 -35"><span class='ocrx_word' id='word_1_236' title='bbox 170 3912 528 4011; x_wconf 86' lang='lat' dir='ltr'>Simulque</span> <span class='ocrx_word' id='word_1_237' title='bbox 575 3909 981 4008; x_wconf 88' lang='lat' dir='ltr'>ostendam,</span> <span class='ocrx_word' id='word_1_238' title='bbox 1028 3913 1368 3991; x_wconf 85' lang='lat' dir='ltr'>Hebraeos</span> <span class='ocrx_word' id='word_1_239' title='bbox 1417 3911 1691 4009; x_wconf 83' lang='lat' dir='ltr'>semper</span> <span class='ocrx_word' id='word_1_240' title='bbox 1736 3933 1903 4022; x_wconf 81' lang='lat' dir='ltr'>pro-</span> 
     </span>
    </p>

    <p class='ocr_par' dir='ltr' id='par_1_8' title="bbox 583 4031 1910 4109">
     <span class='ocr_line' id='line_1_36' title="bbox 583 4031 1910 4109; baseline -0.002 -24"><span class='ocrx_word' id='word_1_241' title='bbox 583 4048 597 4055; x_wconf 82' lang='lat'><strong>·</strong></span> <span class='ocrx_word' id='word_1_242' title='bbox 1196 4045 1201 4050; x_wconf 85' lang='grc'><em>·</em></span> <span class='ocrx_word' id='word_1_243' title='bbox 1679 4031 1910 4109; x_wconf 80' lang='lat' dir='ltr'>priam</span> 
     </span>
    </p>
   </div>
  </div>
 </body>
</html>
