2900 4829
798 436 801 443 .
915 494 1037 553 22*
1108 548 1120 557 ,
1223 479 1528 577 Analogia
1568 430 1928 578 Temporum
1954 478 2044 565 ὅ)
2077 481 2406 557 Modorum

919 621 1044 688 re,
1095 595 1238 672 fine
1281 600 1414 672 ulla
1448 597 1726 695 speciali
1772 599 2108 696 temporis
2138 596 2673 674 determinatio-

824 780 825 783 *
918 718 1058 782 ne,
1111 696 1243 768 suis
1292 696 1604 792 subjectis
1633 698 2030 794 jungantur.
2108 696 2533 792 Hujusmodi
2564 696 2671 768 lo·

923 792 1179 889 quendi
1228 794 1473 875 modus
1521 798 1826 868 maxime
1862 797 1933 868 in
1968 795 2408 892 proferendis
2447 818 2671 890 paroe-

925 888 1088 963 miis
1146 890 1256 962 vel
1308 891 1436 963 ada
1491 892 1570 964 iis
1620 891 2128 980 observandus,
2178 911 2296 965 aut
2337 894 2453 966 ubi
2487 915 2689 989 quae·

925 986 1089 1060 dam
1136 984 1322 1059 afflo
1359 916 1484 1061 ve}
1517 989 1732 1085 passio
1764 990 1960 1066 solita
2002 1012 2118 1064 aut
2161 991 2496 1063 continua
2546 991 2675 1061 ob-

924 1083 1239 1161 servatur
1262 1109 1291 1174 3·
1338 1088 1613 1183 quando
1650 1111 1794 1161 non
1829 1089 2005 1161 adeo
2032 1088 2446 1176 attenditur,
2506 1085 2676 1184 quid

926 1181 1053 1272 fit,
1089 1184 1204 1256 vel
1231 1183 1483 1274 fuerit,
1537 1204 1654 1259 aut
1687 1184 1995 1259 futurum
2031 1186 2152 1274 fit,
2188 1204 2259 1261 at
2285 1184 2677 1287 praesertim

925 1303 1146 1355 nexus
1186 1279 1299 1356 seu
1338 1283 1585 1356 relatio
1618 1283 1799 1357 inter
1829 1282 2129 1379 subjeeta
2152 1340 2173 1373 ,
2225 1282 2303 1357 &
2348 1283 2463 1356 sua
2496 1304 2679 1377 prae·

926 1378 1159 1452 dicata
1192 1382 1265 1452 in
1297 1404 1559 1477 genere
1585 1381 2010 1455 observatur.
2060 1384 2142 1453 ln
2171 1380 2280 1453 his
2309 1379 2680 1453 similibus-

927 1498 1064 1573 que
1114 1476 1444 1574 loquendi
1495 1480 1724 1552 modis
1757 1534 1780 1569 ,
1859 1479 1996 1552 tale
2054 1477 2503 1552 Indefinitum
2552 1479 2680 1549 seu

924 1572 1286 1649 on-istum
1316 1595 1599 1675 tempus
1651 1578 1830 1672 saepe
1865 1577 2244 1649 commoda
2285 1574 2679 1672 periphrasi

926 1696 1071 1767 ope
1109 1675 1314 1747 verbi
1333 1675 1499 1768 soleo
1528 1677 1965 1768 exprimitur.
2040 1674 2210 1746 Hoc
2243 1674 2458 1746 modo
2490 1672 2677 1768 saepe
2753 1690 2759 1705 ’

930 1770 1168 1843 Graeci
1227 1792 1521 1868 utroque
1600 1771 1721 1843 suo
1794 1772 2077 1844 Aoristo
2141 1778 2426 1844 utuntur
2465 1819 2489 1860 ,
2569 1773 2679 1843 uti

929 1867 1236 1940 ostendit
1288 1870 1594 1963 Vigerus
1657 1866 1754 1942 'de
1818 1869 2199 1941 Idiotismis
2266 1869 2470 1964 Ling.
2540 1869 2671 1940 Gr.

932 1966 1106 2059 Cap.
1142 1967 1241 2038 V.
1272 1966 1449 2037 Sea.
1480 1989 1543 2054 3.
1583 1967 1764 2060 Reg.
1806 1991 1834 2038 1
1856 1989 1916 2038 1.
1966 1968 2134 2038 Hoc
2165 1968 2381 2039 modo
2406 1965 2675 2043 Aoristi

935 2063 1230 2137 Veniunt
1279 2062 1545 2135 Matth.
1585 2065 1774 2135 XIII.
1812 2071 1927 2155 48.
1975 2065 2281 2152 συνέλεξαν
2312 2062 2390 2137 ἃ
2419 2067 2674 2142 ἔβαλον.

935 2158 1301 2255 Aristoph.
1338 2159 1410 2231 in
1445 2160 1677 2257 Equit.
1701 2161 1797 2235 V.
1826 2170 1992 2254 5¹67.
2043 2169 2274 2240 Κοόδεὶς
2304 2164 2671 2236 ausano-3210?

932 2260 1115 2335 ιιύἳῶν
1141 2260 1254 2333 hnic
1279 2258 1541 2333 {mmm
1566 2262 1697 2330 ἰδών
1723 2262 2064 2355 ἠρίθμησέν.
2117 2266 2207 2336 Et
2226 2287 2390 2334 nemo
2407 2287 2672 2356 unquam

936 2384 1141 2434 corum
1183 2359 1375 2452 hostes
1406 2359 1619 2432 videns
1639 2416 1660 2449 ,
1713 2383 1808 2432 eos
1827 2384 2150 2433 numerare
2169 2348 2445 2462 solebatss
2500 2364 2570 2433 h.
2604 2386 2667 2433 e.

933 2484 1050 2532 non
1079 2462 1262 2531 anxie
1294 2481 1510 2529 curare
1524 2456 1836 2553 fidebant,
1889 2462 2144 2554 adeoque
2181 2484 2293 2530 non
2320 2460 2462 2531 adeo
2494 2464 2671 2534 time·

736 2583 741 2588 ’
834 2633 837 2636 Α
926 2564 1074 2633 bant
1122 2557 1333 2653 hostes.
1435 2554 1640 2628 Plura
1678 2560 2002 2653 exempla
2050 2558 2308 2630 dabunt
2344 2557 2669 2630 Graev'ius

927 2654 1357 2744 adHefiodi
1407 2651 1591 2749 E'eyoe
1634 2677 1739 2725 VS.
1782 2663 1941 2741 185.
1977 2653 2082 2738 A&
2129 2654 2532 2728 Perizonius
2584 2653 2669 2727 ad
2761 2681 2762 2686 ¹

924 2753 1281 2827 AElianum
1316 2751 1468 2823 Lib.
1513 2756 1574 2823 1.
1609 2753 1777 2825 Var.
1815 2749 1996 2824 Hist.
2035 2754 2202 2845 Cap.
2232 2776 2300 2842 4.
2765 2779 2772 2790 ·

838 2873 851 2896 f
1021 2850 1308 2922 Hebraei
1356 2871 1573 2936 vem,
1627 2849 1902 2932 Latini,
1955 2873 2082 2922 nos
2116 2851 2343 2946 Belgae
2380 2848 2669 2947 aliaeque

918 2945 1165 3043 paffim
1216 2946 1479 3016 Gentes
1546 2944 1735 3019 hisce
1802 2945 2096 3041 Aoristis
2158 2948 2665 3041 temporibus,

924 3041 1208 3140 speciali
1270 3040 1564 3138 quadam
1616 3042 2110 3117 terminatione
2181 3044 2667 3124 Grammatica

923 3140 1414 3228 destituimur;
1483 3141 1796 3238 adeoque
1836 3140 2156 3238 cogimur
2200 3142 2364 3217 talia
2413 3141 2666 3216 Indefi-

918 3240 1071 3314 nita
1117 3259 1439 3332 tempora
1503 3239 1617 3312 vel
1675 3238 2062 3335 periphrasi
2112 3240 2311 3315 verbi
2332 3238 2499 3336 Jbleo
2549 3256 2666 3315 aut

920 3363 1102 3427 amo,
1150 3336 1285 3408 -vel
1333 3355 1654 3433 tempore
1706 3338 1933 3435 aliquo
1975 3337 2294 3411 Definito
2326 3393 2347 3428 ,
2401 3340 2661 3411 Futuro
2737 3327 2746 3348 '

920 3435 1305 3533 praesertim
1356 3436 1470 3506 vel
1534 3435 1859 3509 Praesenti
1926 3435 2320 3530 exprimere
2356 3491 2377 3522 ,
2458 3458 2661 3534 atque

922 3536 1064 3606 hoc
1097 3534 1209 3604 vel
1245 3531 1448 3603 simili
1480 3533 1694 3605 modo
1717 3534 1903 3609 hunc
1924 3532 2274 3608 defe&um
2318 3534 2657 3631 supplere.

918 3632 1029 3704 Eo
1070 3654 1243 3703 vero
1274 3631 1346 3701 in
1384 3629 1542 3703 casu
1580 3633 1718 3703 hoc
1746 3633 1896 3705 fere
1934 3632 2149 3706 modo
2189 3634 2304 3706 vel
2338 3628 2672 3706 Praesenti‘

922 3728 1039 3803 vel
1073 3730 1338 3803 Futuro
1372 3747 1693 3827 tempore
1741 3730 1995 3803 utimur
2024 3784 2047 3816 ,
2097 3749 2171 3804 ut
2213 3731 2347 3804 alia
2395 3728 2655 3828 quaevis

920 3815 1244 3921 tempdra
1283 3849 1423 3899 non
1460 3827 1950 3918 excludantur,
2005 3828 2122 3902 sed
2171 3829 2406 3929 potius
2440 3826 2656 3900 inclu-

917 3923 1209 3999 dantur:
1260 3949 1371 3998 ex.
1396 3950 1502 4024 gr.
1538 3951 1749 4024 quum
1783 3925 2107 4003 Praesenti
2138 3946 2458 4026 tempore
2485 3922 2652 3998 dici-

1767 4041 1774 4048 ’
2451 4040 2651 4108 mus;
