2900 4829
914 510 1036 571 22*
1108 565 1119 573 ,
1222 494 1527 592 Analogia
1567 493 1927 591 Temporum
1953 490 2043 577 ὅ)
2076 492 2407 568 Modorum

919 639 1044 705 re,
1095 611 1238 688 fine
1281 615 1414 687 ulla
1448 611 1726 710 speciali
1772 611 2107 708 temporis
2136 606 2685 686 determinatio-

824 798 825 801 *
918 736 1058 800 ne,
1111 711 1244 784 suis
1292 711 1605 807 subjectis
1634 712 2030 808 jungantur.
2107 706 2535 805 Hujusmodi
2566 706 2682 778 lo·

924 808 1180 907 quendi
1229 810 1474 890 modus
1523 813 1827 882 maxime
1863 810 1935 881 in
1968 807 2409 905 proferendis
2449 829 2683 900 paroe-

926 906 1089 981 miis
1147 907 1258 979 νε]
1310 907 1438 980 ada
1493 908 1572 980 iis
1622 906 2129 992 observanduS,
2179 922 2297 977 aut
2338 904 2455 977 ubi
2490 925 2685 1000 quae-

927 1005 1091 1079 dam
1138 1002 1324 1077 afflo
1360 1030 1448 1078 ve
1520 1004 1734 1100 passio
1765 1004 1962 1079 solita
2004 1024 2120 1076 aut
2163 1003 2500 1074 continua
2549 1001 2686 1071 ob-

926 1102 1241 1183 servatur
1264 1127 1293 1191 3·
1341 1104 1616 1200 quando
1653 1126 1797 1175 non
1831 1103 2007 1176 adeo
2034 1100 2449 1187 attenditur,
2509 1097 2688 1194 quid

928 1200 1056 1290 fit,
1093 1202 1207 1274 νε]
1234 1201 1486 1290 fuerit,
1540 1221 1656 1274 aut
1690 1200 1998 1273 futurum
2034 1199 2155 1287 fit,
2191 1216 2262 1273 at
2288 1195 2689 1299 praesertim

928 1322 1149 1374 nexus
1189 1297 1304 1372 seu
1342 1299 1588 1373 relatio
1620 1299 1801 1372 inter
1834 1296 2133 1392 subjeeta
2156 1353 2177 1386 ,
2229 1294 2307 1369 &
2352 1294 2467 1367 sua
2501 1315 2690 1388 prae-

929 1397 1163 1470 dicata
1196 1400 1269 1470 in
1301 1420 1563 1494 genere
1588 1397 2013 1470 observatur.
2064 1397 2146 1466 ln
2175 1393 2283 1466 his
2314 1391 2690 1464 similibus·

931 1517 1068 1592 que
1117 1495 1448 1592 loquendi
1499 1495 1783 1583 modis,
1863 1493 2000 1567 tale
2058 1489 2508 1565 Indefinitum
2558 1490 2691 1561 seu

928 1590 1290 1668 Aoristum
1320 1612 1603 1692 *tempus
1655 1594 1833 1688 saepe
1869 1589 2248 1664 commoda
2289 1586 2687 1684 periphrafi

930 1714 1075 1787 ope
1113 1692 1318 1764 verbi
1337 1692 1503 1785 soleo
1531 1692 1969 1784 exprimitur,
2044 1688 2212 1760 Hoc
2246 1687 2462 1759 modo
2494 1685 2688 1780 saepe
2771 1700 2776 1719 ‘

934 1788 1172 1861 Graeci
1232 1809 1526 1886 utroque
1604 1786 1725 1859 suo
1798 1786 2081 1858 Aoristo
2145 1790 2430 1857 utunt'ur
2470 1832 2494 1873 ,
2573 1785 2690 1855 uti

934 1885 1241 1958 ostendit
1293 1886 1599 1980 Vigerus
1662 1882 1758 1958 'de
1822 1882 2205 1957 Idiotismis
2270 1883 2475 1976 Ling.
2545 1882 2682 1952 Gr.

937 1985 1111 2077 Cap.
1147 1985 1247 2056 V.
1278 1983 1456 2055 ὃεᾶὶ.
1486 2006 1548 2071 3.
1588 1983 1769 2076 Reg.
1811 2007 1839 2054 1
1861 2004 1921 2053 1.
1971 1983 2139 2053 Hoc
2170 1980 2388 2053 modo
2411 1978 2685 2055 Aoristi

940 2081 1236 2156 veniunt
1285 2079 1550 2152 Matth.
1591 2081 1780 2151 XIII.
1817 2086 1932 2169 48.
1980 2080 2287 2167 συνέλεξαν
2318 2076 2396 2151 ἃ
2425 2080 2686 2155 ἔβαλον.

941 2176 1305 2273 Aristoph.
1344 2176 1422 2248 in‘
1452 2176 1684 2274 Equit.
1707 2178 1803 2251 V.
1832 2185 1999 2269 5¹67.
2049 2184 2280 2254 Κοόδεὶς
2310 2177 2619 2250 &neena-{no
2638 2178 2683 2249 ]’

938 2279 1121 2354 ιιύἳῶν
1147 2278 1260 2351 hdr
1285 2275 1547 2350 {vervis-uc
1572 2278 1704 2346 ἰδών
1730 2276 2070 2371 ἠρίθμησέν.
2107 2281 2213 2351 'Et
2232 2301 2397 2349 nemo
2414 2301 2685 2369 unquam

942 2403 1148 2453 eorum
1189 2376 1381 2469 hostes
1413 2376 1667 2465 videns,
1720 2399 2157 2448 eosrnumerare
2176 2370 2452 2476 solebat,
2507 2378 2575 2447 h.
2611 2400 2679 2447 e.

939 2504 1057 2551 non
1086 2481 1268 2549 anxie
1301 2498 1517 2547 curare
1531 2473 1843 2570 fidebant,
1897 2477 2152 2568 adeoque
2189 2498 2301 2544 non
2327 2474 2470 2545 adeo
2502 2478 2684 2544 time·

620 2583 623 2586 “
742 2603 748 2609 ·
840 2651 843 2656 ,
933 2583 1081 2652 b‘ant
1129 2576 1341 2672 hostes.
1442 2572 1647 2645 Plura
1686 2575 2010 2668 exempla
2058 2573 2316 2645 dabunt
2352 2570 2683 2644 Graev'ius

934 2672 1364 2764 aleefiodi
1415 2669 1599 2767 ἔργα
1642 2694 1746 2742 νε.
1790 2679 1948 2757 185.
1985 2667 2090 2755 ,ὅτ
2137 2668 2541 2742 Perizonius
2589 2668 2684 2741 ad

932 2772 1289 2847 AElianum
1324 2769 1476 2840 Lib.
1521 2774 1582 2841 1.
1617 2770 1785 2843 Var.
1823 2765 2004 2840 Hist.
2043 2769 2209 2860 Cap.
2241 2790 2308 2856 4.
2785 2795 2791 2804 ·

846 2891 859 2920 f
1029 2869 1316 2941 Hebraei
1364 2889 1581 2953 vero,
1635 2866 1911 2948 Latini,
1964 2889 2091 2937 nos
2125 2865 2352 2960 Belgae
2389 2862 2684 2960 aliaeque

926 2964 1173 3063 paffim
1224 2964 1488 3034 Gentes
1555 2962 1743 3035 hisce
1811 2960 2105 3055 Aqristis
2166 2961 2601 3055 temporibus
2653 2993 2679 3050 5

932 3059 1217 3159 speciali
1280 3058 1573 3156 quadam
1625 3057 2119 3133 terminatione
2190 3059 2683 3133 Grammatica

932 3159 1423 3246 destituimur3
1492 3158 1805 3255 adeoque
1845 3156 2165 3253 cogimur
2210 3156 2373 3231 talia
2422 3156 2683 3230 Indefi-

928 3258 1081 3333 nita
1126 3277 1448 3350 tempora
1513 3256 1626 3330 vel
1685 3254 2073 3352 periphrasi
2122 3255 2321 3329 verbi
2342 3252 2509 3350 sbleo
2557 3273 2683 3328 aut

930 3382 1112 3445 amo,
1160 3354 1295 3428 -vel
1342 3373 1664 3450 tempore
1715 3355 1942 3453 aliquo
1985 3352 2304 3427 Definito
2336 3408 2357 3442 ,
2411 3354 2680 3424 Futuro
2761 3347 2769 3364 ¹

930 3453 1315 3552 praesertim
1366 3452 1479 3532 νε]
1543 3452 1870 3542 Praesenti
1936 3450 2332 3545 exprimere
2367 3506 2388 3537 ,
2468 3471 2680 3547 atque

932 3555 1074 3625 hoc
1107 3553 1219 3623 vel
1256 3549 1459 3621 simili
1490 3550 1704 3622 modo
1730 3550 1914 3625 hunc
1935 3547 2284 3623 ἀεῐεξὶυπι
2327 3548 2676 3645 supplere.

929 3651 1039 3723 Eo
1081 3673 1254 3722 vero
1285 3650 1356 3719 in
1395 3648 1553 3720 casu
1590 3650 1729 3720 hoc
1757 3649 1907 3722 fere
1945 3649 2160 3721 modo
2200 3648 2315 3720 νε]
2349 3645 2678 3720 Praesenti

933 3748 1049 3822 vel
1084 3749 1349 3822 Futuro
1383 3765 1704 3842 ternpore
1751 3746 2006 3819 utimur
2036 3799 2059 3831 ,
2108 3765 2183 3819 ut
2224 3741 2356 3817 alia
2406 3744 2677 3842 quaevis

932 3835 1255 3939 tempdra
1294 3869 1435 3917 non
1471 3844 1963 3933 excludantur,
2017 3843 2134 3917 sed
2183 3841 2417 3944 potius
2451 3842 2676 3915 inclu-

929 3942 1221 4018 dantur:
1272 3967 1381 4016 ex.
1408 3967 1513 4041 gr.
1550 3968 1761 4041 quum
1795 3941 2119 4018 Praesenti
2150 3961 2470 4040 ternpore
2497 3940 2673 4011 dici·

1777 4059 1786 4066 ’
2464 4062 2619 4113 mus
2643 4061 2671 4129 ς
