2900 4829
567 467 868 540 Hebraeae
896 465 1157 561 Linguoe
1202 462 1370 561 Diffi
1398 466 1502 540 II.
1613 524 1624 532 .
1857 468 1948 562 '37

192 580 269 658 in
311 582 806 680 fimpliciffima
871 580 1386 658 constructione
1460 585 1939 659 Grammatica

198 684 645 765 Praeteritum,
667 684 927 753 Futuro
960 680 1247 755 reddam
1288 705 1312 767 ;
1366 681 1454 757 ⁴&
1488 684 1604 756 ubi
1636 681 1941 778 positive

199 780 354 876 quid
409 779 716 867 dicitur,
788 801 1013 874 neque
1076 778 1311 851 ullum
1342 779 1603 875 prostat
1644 781 1940 852 interro-

195 875 402 972 gandi
438 877 705 973 fignum
728 931 748 963 ‚
807 894 1038 948 tamen
1075 875 1144 947 id
1182 876 1689 974 interrogativo
1722 879 1937 950 modo

112 1054 115 1055 γ
194 975 494 1070 capiam.
598 975 765 1046 Hoc
802 971 853 1044 fi
889 972 1135 1061 liceat,
1184 974 1339 1068 pari
1365 975 1521 1071 jure
1562 974 1737 1048 mihi
1775 975 1940 1048 lice-

192 1074 291 1144 bit
355 1071 620 1168 quaevis
672 1070 1030 1144 Praeterita
1088 1072 1352 1143 Futuro
1393 1127 1415 1160 ,
1506 1091 1624 1145 aut
1677 1072 1941 1169 quaevis

188 1171 449 1242 Futura
490 1171 848 1241 Praeterito
882 1186 1163 1254 vertere
1188 1221 1210 1256 ,
1263 1166 1341 1242 &
1375 1169 1461 1242 de
1491 1171 1691 1243 omni
1722 1170 1941 1242 Tem·

186 1290 444 1362 porum
491 1266 558 1338 in
594 1265 899 1338 Hebraea
934 1265 1205 1360 Lingua
1252 1263 1943 1360 distinctione'plane

188 1366 425 1438 actum
491 1362 647 1436 erit.
749 1362 994 1434 Liceat
1059 1361 1236 1433 mihi
1286 1365 1524 1459 potius
1571 1364 1689 1438 hic
1743 1387 1942 1435 com-

188 1485 478 1535 munem
546 1460 956 1556 opinionem
1013 1458 1331 1532 deserere
1385 1516 1407 1550 ,
1478 1481 1682 1558 atque
1749 1461 1938 1535 salva

132 1585 138 1594 ’
188 1584 482 1683 propria
508 1584 582 1658 vi
615 1583 958 1657 Praeteriti
983 1547 1148 1668 'iffi
1194 1585 1333 1656 hoc
1367 1584 1584 1656 modo
1610 1606 1756 1665 rem
1775 1603 1945 1653 con·

189 1685 432 1780 cipere
466 1707 489 1770 3
554 1681 852 1777 Jesa'iam
901 1683 1040 1755 Dei
1101 1681 1392 1759 nomine
1456 1705 1625 1755 vere
1682 1681 1945 1775 duplex

192 1779 463 1878 iignum
504 1779 778 1853 Hiskiae
816 1778 1073 1854 dediffe
1110 1806 1128 1855 :
1197 1781 1384 1877 prius
1436 1781 1571 1852 'am
1608 1778 1890 1852 dederat
1920 1832 1945 1867 ,

193 1879 307 1953 vel
346 1879 558 1952 dabat
589 1876 912 1972 Jehovah
935 1932 957 1966 ,
1008 1881 1283 1977 quando
1312 1807 1569 1975 Jesiti’as
1602 1878 1689 1950 ad
1718 1876 1946 1972 ipsum

197 1978 607 2064 accederet3
659 1974 843 2071 quod
878 1975 1152 2056 ‚disertis
1174 1979 1438 2063 verbis,
1496 1975 1702 2063 nulli,
1735 1997 1949 2072 quan-

195 2094 346 2148 tum
380 2074 635 2161 videO,
690 2075 1094 2165 exceptioni
1131 2074 1459 2149 obnoxiis
1501 2075 1785 2147 testatur
1834 2074 1952 2168 Je-

197 2172 368 2246 sa'ias
406 2227 428 2261 ,
482 2194 692 2269 quum
743 2171 913 2241 dicit
948 2193 965 2245 :
1044 2178 1147 2247 hoc
1191 2179 1304 2249 tibi
1323 2171 1574 2269 fignum
1610 2172 1701 2269 el}
1738 2195 1779 2243 a
1825 2174 1951 2264 Je-

194 2299 391 2370 hovah
429 2319 450 2383 3
501 2291 770 2391 procfft
799 2275 1032 2396 (vn)
1066 2302 1283 2373 umbra
1309 2317 1421 2392 per
1457 2302 1650 2369 decem
1684 2298 1940 2393 gradus.

114 2477 117 2484 Α
197 2397 419 2493 quue
469 2390 851 2469 constitisse
899 2396 1149 2472 censeo
1196 2398 1269 2470 in
1320 2414 1818 2468 momentaneo
1860 2417 1943 2466 ac
2043 2412 2054 2416 ¹

200 2490 1017 2591 miraculosoprogress‘u
1055 2498 1317 2568 umbrae
1348 2518 1476 2589 per
1508 2495 1755 2566 decem
1790 2516 1948 2585 gra·

200 2591 348 2664 dus,
418 2590 587 2663 Hoc
621 2614 793 2663 vero
827 2596 896 2665 in
934 2594 1275 2668 mandatis
1315 2593 1611 2664 habebat
1641 2588 1941 2683 Jesa'i'aS,

198 2709 274 2761 ut
319 2686 369 2759 fi
402 2687 543 2759 hoc
576 2687 842 2785 fignum
877 2691 1146 2766 Hiskiae
1199 2714 1340 2763 non
1391 2689 1551 2761 satis
1597 2685 1942 2761 sufficiens
2052 2759 2056 2764 .

200 2785 605 2873 videretur,
660 2786 951 2880 alterum
987 2806 1460 2888 proponeret,
1513 2786 1697 2884 quod
1732 2782 1780 2857 s1
1825 2810 1949 2881 pe-

202 2903 383 2957 teret
423 2883 752 2973 His'kias‚
805 2887 998 2987 Deus
1037 2885 1163 2985 ipsi
1195 2888 1475 2960 daturus
1521 2904 1719 2958 erat:
1774 2886 1944 2958 Hoc

202 2980 465 3081 Jesa‘i'as
519 2980 627 3052 his
681 2985 913 3058 verbis
975 2987 1280 3060 indicat:
1347 2989 1522 3066 ‘wli
1575 2991 1750 3059 mv*
1792 2992 1947 3060 D&

201 3071 488 3186 DJ‘WDz
575 3106 809 3207 Atque
843 3110 1317 3185 alterum-hoc
1368 3109 1635 3207 iignum
1670 3168 1691 3200 ‚
1765 3114 1951 3209 quod

201 3213 554 3285 constaret
600 3210 672 3278 in
731 3210 1145 3283 miraculoso
1197 3207 1276 3283 ὅ(
1315 3231 1812 3284 momentaneo
1846 3233 1952 3281 re·

197 3307 426 3405 gressu
476 3306 739 3378 umbrae
801 3327 928 3401 per
976 3308 1265 3381 eosdem
1330 3308 1575 3381 decem
1628 3307 1880 3404 gradus
1919 3364 1944 3395 ,

198 3407 495 3480 Hiskias
517 3403 740 3497 priori
781 3404 1001 3501 majus
1036 3428 1119 3479 ac
1136 3404 1598 3502 prodigiosius
1625 3407 1948 3504 judicans
1996 3412 2002 3420 '

194 3505 412 3601 petiit
454 3558 477 3591 ‚
563 3500 996 3598 accepitque.
1095 3503 1264 3590 Hoc
1300 3503 1516 3575 modo
1559 3503 1972 3598 fimplicem·

196 3596 801 3674 constructionem
882 3601 1279 3672 Verborum
1333 3655 1353 3689 ,
1452 3601 1955 3698 propriamque
2041 3627 2060 3656 x

193 3697 545 3774 Praeteriti
595 3696 745 3781 vim
794 3694 987 3769 facili
1050 3697 1169 3772 via
1216 3696 1464 3795 sequor
1496 3753 1546 3786 ‚.
1592 3724 1633 3771 a
1668 3722 1800 3795 qua
1836 3699 1954 3770 vel

198 3798 352 3870 levi
383 3796 502 3872 vel
538 3794 726 3867 nulla
756 3794 843 3868 de
877 3794 1078 3869 causa
1107 3789 1432 3869 secedere
1480 3795 1728 3893 religio
1780 3794 1961 3869 mihi

194 3894 324 3975 est.
393 3896 743 3973 Praeterea
785 3911 976 3971 totus
987 3893 1210 4066 c1:1ujus
1247 3892 1556 3970 historiae
1587 3911 1961 4067 commixtus

574 4009 584 4018 ·
700 4001 712 4017 ·
756 3999 763 4018 ²
812 4001 857 4017 ··
1084 4003 1165 4088 ·3“
1277 4020 1295 4030 ‡·
1553 3995 1562 4000 ’
1872 4002 1966 4065 oc
