2900 4829
669 438 981 512 Hebraeae‘
1010 440 1278 537 Linguae
1324 442 1492 541 Dtff
1541 447 1602 519 Ι.
1925 478 1965 529 2
1981 482 2015 531 1

248 572 362 647 tus
393 552 518 648 sui
551 573 573 624 .·
640 578 803 629 nam
842 558 977 631 hoc
1028 555 1329 654 praesens
1369 579 1648 657 tempus
1685 565 2014 642 exclude·

241 672 390 728 ret.
483 653 905 748 Hujusmodi
947 679 1121 729 vero
1159 679 1270 729 res
1304 679 1437 751 pro
1485 661 1812 760 cujusque
1841 665 2009 738 Lin-

242 775 413 847 guae
443 755 697 846 genio,
753 776 944 852 aeque
972 753 1348 827 commode
1382 754 1461 829 ὅτ.
1497 759 1858 857 analogice
1889 764 2009 836 vel

242 849 649 944 praeterito·
686 851 800 921 vel
873 849 1192 947 praesenti
1264 849 1637 947 fignificari
1714 858 2013 953 poterit.'

242 946 370 1017 Sic
421 943 498 1019 ἃ
547 947 684 1042 Job
732 946 816 1018 X.
868 971 974 1036 15.
1043 955 1131 1023 'D
1191 955 1295 1023 ‘73
1340 959 1490 1026 ΞΝ
1536 961 1797 1037 *own
1844 963 1998 1034 tm

229 1041 304 1136 fi
325 1047 624 1136 improbus
626 1043 753 1136 sim
775 1044 871 1137 ‚fi
888 1046 1100 1145 justus
1141 1048 1258 1121 im:
1294 1052 1406 1122 ubi
1440 1054 1749 1129 maxime
1787 1057 2002 1131 etiam

243 1165 360 1213 res
395 1145 752 1236 praeterita
792 1144 1219 1240 indigitatur.

347 1240 527 1312 Haec
575 1264 657 1312 ea
691 1238 819 1311 fini
855 1263 1103 1315 notare
1148 1243 1381 1333 volui,
1439 1267 1514 1319 ut
1554 1249 1668 1321 vel
1716 1250 1883 1324 hinc
1921 1252 1999 1323 li-

244 1356 459 1432 queat
488 1393 508 1425 ,
558 1336 739 1431 saepe
775 1356 1043 1411 temere
1088 1341 1295 1412 nimis
1349 1361 1748 1439 temporum
1789 1349 1995 1421 Enal-

243 1434 438 1528 lagas
486 1459 525 1506 a
565 1435 1064 1508 Grammaticis
1109 1435 1324 1533 fingi,
1381 1445 1496 1513 ubi
1547 1467 1795 1517 revera
1842 1469 1989 1519 non

240 1530 402 1602 sunt
426 1587 445 1619 ‚
485 1553 690 1632 atque
724 1532 874 1604 usus
915 1533 1161 1604 horum
1202 1553 1599 1628 temporum
1638 1565 1803 1612 vere
1829 1565 1989 1614 ana·

238 1629 448 1724 logus
472 1627 612 1715 est3
646 1631 865 1701 immo
890 1629 1069 1725 saepe
1110 1629 1469 1725 fingularis
1503 1639 1817 1735 quaedam
1850 1640 1994 1731 ele<

237 1726 484 1827 gantia
520 1746 636 1799 aut
671 1725 1014 1823 emphasis
1049 1726 1505 1804 observanda.
1993 1738 1998 1747 '

872 1964 875 1967 -
981 1921 1042 2023 ς.
1095 1923 1251 2000 xn.

346 2114 708 2190 Haffenus
770 2117 856 2191 de
919 2119 1303 2215 Temporibus
1352 2126 1647 2222 Definitis
1675 2153 1701 2215 ,-
1762 2151 1983 2224 pauca
2011 2149 2103 2208 De
2118 2150 2365 2228 Tempo-

230 2214 385 2308 jam
424 2215 622 2287 nobis
646 2215 1073 2291 observanda
1105 2218 1359 2295 restant
1392 2224 1481 2297 de
1513 2226 1981 2303 Tmffomnus
2006 2227 2155 2317 riou}
2200 2228 2367 2287 lude-

240 2306 695 2386 INDizFINITIS
719 2369 736 2400 ,
791 2313 1041 2388 Graece
1069 2322 1379 2413 Αὀςιστοῖς
1418 2322 1672 2412 diam
1717 2327 1798 2398 ad
1832 2351 1984 2425 quae
2003 2305 2191 2364 fimus.

144 2463 149 2468 -
238 2408 693 2505 significanda
736 2411 970 2486 Graeci
1007 2413 1286 2512 speciali
1332 2420 1631 2515 quadam
1676 2421 1985 2499 flexione

240 2509 724 2581 Grammatica
756 2511 1095 2606 gaudent,
1132 2514 1264 2610 ,seu
1298 2518 1731 2610 temporibus
1773 2521 1979 2611 hine,

236 2608 343 2679 uti
379 2606 661 2679 videtur
695 2610 960 2705 Aorisiis
996 2609 1218 2686 dietis.
1290 2613 1490 2685 Num
1527 2629 1699 2688 vero
1744 2619 1977 2692 Graeci

235 2705 429 2777 hisce
475 2704 608 2777 suis
633 2707 1066 2800 temporibus
1091 2709 1359 2805 Aoristis
1394 2709 1665 2807 semper
1698 2717 1983 2810 οἱορισταῗς

236 2803 353 2874 seu
390 2800 754 2875 indefinite
786 2822 1090 2889 ,utantur
1115 2861 1134 2894 ‚
1188 2832 1273 2880 an
1312 2832 1487 2880 vero
1523 2809 1681 2906 ipsis
1721 2816 1837 2886 usu
1872 2815 1976 2887 in-

237 2899 533 2972 valuerit
555 2954 574 2987 ‚
597 2899 944 2975 interdum
980 2903 1129 2975 haec
1163 2923 1482 3000 tempora
1502 2908 1826 3001 definite,
1860 2911 1979 2987 seu

236 2998 401 3069 loco
446 2996 734 3093 alicujus
783 3002 1120 3095 temporis
1148 3002 1465 3096 definiti,
1520 3005 1662 3084 five
1713 3014 1978 3107 Imper-

236 3093 449 3183 feffi,
502 3093 647 3173 five
685 3096 983 3170 Perfecti
1022 3098 1378 3196 usurpare,
1430 3104 1547 3175 hic
1582 3125 1725 3180 non
1757 3108 1979 3206 inqui·

234 3215 359 3281 ro,
422 3213 552 3264 nec
593 3193 883 3269 instituti
916 3197 1096 3267 ratio
1137 3198 1205 3270 id
1236 3199 1562 3294 postulat.
1902 3235 1906 3240 2
1995 3205 2002 3218 ¹

332 3291 533 3386 Saepe
587 3288 722 3377 fit4
789 3291 1011 3367 immo
1053 3293 1239 3367 forte
1281 3295 1523 3393 saepius
1562 3324 1645 3373 ac
1696 3301 1977 3399 quidem

234 3386 451 3484 vulgo
503 3387 909 3461 observatur
939 3443 960 3475 ,
1032 3403 1108 3463 ut
1156 3391 1519 3469 indefinite
1568 3397 1976 3497 loquamur3

230 3484 376 3557 hoc
411 3482 550 3575 est,
583 3502 659 3556 ut
697 3509 836 3557 non
873 3486 1049 3560 adeo
1090 3488 1453 3566 definitum
1488 3494 1763 3593 aliquod
1801 3518 1976 3571 tem-

226 3606 406 3679 pm,
460 3581 761 3656 Praesens
797 3583 1101 3675 scilicet,
1155 3588 1590 3665 Praeteritum
1628 3615 1743 3667 aut
1767 3598 1819 3667 F
1821 3613 1975 3667 utu·
2007 3648 2016 3654 „

227 3705 382 3753 rum
419 3734 440 3769 ,
509 3681 832 3778 quodque
881 3681 1012 3755 alia
1062 3704 1382 3782 tempora
1434 3691 1742 3772 excludit
1777 3748 1798 3781 ‚
1851 3717 2012 3788 εὶς-μ..

223 3778 542 3875 primere
595 3780 666 3850 in
709 3778 945 3854 animo
991 3778 1073 3852 fit
1109 3837 1132 3872 ,
1213 3787 1326 3857 vel
1378 3787 1466 3859 ad
1518 3789 1589 3860 id
1620 3812 1764 3863 non
1796 3790 1974 3862 adeo

222 3876 625 3962 attendatur
655 3898 677 3965 3
727 3877 866 3951 Sed
900 3879 1389 4049 utpgaedicata
1410 3886 1630 3983 magis
1658 3887 1728 3961 in
1763 3910 1973 3986 gene-

266 3993 277 4000 ”
1146 3999 1188 4073 3
1853 4008 1931 4058 1'0
1953 4034 1980 4079 2
