2900 4829
924 356 954 408 1
971 339 1011 413 8
1188 329 1494 427 Analogia
1531 326 1885 424 Temporum
1920 323 2004 411 Εἰ*
2042 328 2369 405 Moaorum

917 451 1078 517 turo
1128 442 1511 533 ‘Indicativi
1564 441 1782 515 etiam
1824 447 1955 517 vim
2001 444 2367 537 Imperatiui
2418 439 2496 519 ἃ
2519 445 2694 539 -Op-

921 547 1108 614 mtivi
1161 541 1471 615 tribuunt
1514 597 1536 630 ,
1616 560 1910 615 notante
1985 541 2086 615 Cl.
2158 541 2534 617 Perizonio
2589 544 2695 616 ad

925 637 1191 712 Sanstii
1226 640 1418 712 Min.
1455 641 1609 711 Lib.
1657 642 1711 711 Ι.
1763 642 1930 738 Cap.
1974 664 2084 736 13.
2135 638 2197 738 ᾗ.
2229 662 2299 714 2.
2386 642 2692 714 Hebrae-

930 760 1009 809 os
1045 759 1222 809 vero
1257 737 1443 833 quod
1478 737 1727 810 attinet
1776 793 1797 828 ,
1867 737 2126 812 Varios
2170 738 2306 817 hos
2349 737 2620 811 Modos
2660 794 2689 828 ,

928 854 1176 930 utpote
1227 842 1611 931 quae'vere
1663 854 1741 908 ut
1787 835 2001 910 futuri
2039 837 2383 932 temporis
2421 836 2690 910 haben·

930 950 1044 1003 tur
1077 987 1098 1022 ‚
1172 933 1478 1007 maxime
1534 933 1653 1007 suo
1708 936 1968 1008 Futuro
2027 934 2504 1033 Significant:
2579 934 2697 1008 uti

928 1027 1069 1102 suo*
1096 1029 1253 1103 loco
1290 1030 1724 1129 docebimus·
2661 1054 2666 1065 ‘

579 1168 622 1249 ³⁸
1396 1296 1400 1300 ,
1699 1223 1761 1323 5.
1785 1190 1788 1193 ’
1813 1226 1940 1300 XI.

567 1481 606 1542 3
1036 1425 1313 1499 Verum
1364 1423 1455 1511 de
1486 1442 1731 1496 natura
1768 1421 1846 1498 δε
1882 1421 2002 1496 usu
2051 1421 2405 1516 Temporum
2447 1420 2704 1517 Defini-

569 1497 822 1633 1321?
826 1497 922 1618 {¹1¹¹
943 1541 1140 1599 torum
1173 1524 1290 1613 hic
1328 1523 1723 1620 generatim
1770 1520 2024 1617 aliquid
2072 1521 2701 1616 praemonendum,

569 1653 755 1696 terum
800 1638 885 1697 in·
948 1624 1135 1735 quod
1171 1622 1333 1694 dein
1370 1621 1574 1693 nobis
1611 1620 1757 1693 usui
1791 1618 1927 1694 effe
1967 1619 2231 1713 po'terit
2269 1644 2293 1708 3
2356 1618 2704 1691 nimirum

572 1713 770 1775 cludit.
950 1723 1119 1794 hcet
1158 1722 1529 1812 Tempora
1566 1716 1871 1790 absoluta
1907 1715 1985 1789 &
2009 1716 2339 1806 definita,
2393 1718 2495 1789 uti
2515 1718 2703 1789 Prae-

954 1820 1146 1905 sem,
1198 1815 1634 1888 Praeteritum
1670 1816 2102 1887 &Futurum
2140 1839 2346 1910 quam
2383 1814 2700 1888 maxime

954 1919 1139 1989 inter
1161 1912 1230 1985 se
1254 1911 1538 1984 differre
1559 1912 1926 1985 videantur
1950 1967 1971 1999 ‚
2004 1911 2249 2006 saepius
2274 1934 2510 1985 tamen
2541 1936 2702 1986 rem

946 2014 1054 2087 ita
1088 2009 1156 2082 se
1212 2009 1506 2097 habere,
1531 2068 1535 2075 .
1561 2028 1634 2079 ut
1679 2009 1804 2080 vix
1834 2032 1916 2082 ac
1947 2033 2036 2083 ne
2072 2012 2189 2083 vix
2226 2011 2504 2107 quidem
2549 2036 2591 2083 a
2629 2009 2703 2084 se

945 2110 1264 2184 invicem
1314 2105 1610 2178 discerni
1649 2125 1902 2203 queant
1941 2131 1963 2194 3
2027 2106 2141 2180 sed
2185 2109 2420 2203 potius
2480 2132 2703 2180 unum

946 2229 1228 2302 tempus
1271 2204 1456 2277 aliud
1491 2202 2049 2293 fimulincludat3
2076 2205 2402 2279 nimirum
2426 2208 2706 2279 utPrae·

954 2305 1245 2379 teritum
1276 2300 1475 2374 fimul
1501 2303 1802 2375 Praesens
1838 2302 2144 2375 includat
2168 2359 2188 2392 ‚
2246 2324 2362 2376 aut
2393 2303 2701 2377 Praesens

953 2400 1315 2478 Futurum.
1418 2400 1647 2498 Hujus
1697 2402 1804 2475 rei
1856 2400 2036 2475 ratio
2090 2401 2240 2475 haec
2287 2400 2387 2475 est
2419 2458 2439 2493 ‚
2509 2400 2704 2500 qu'od

956 2502 1258 2578 Praesens
1311 2520 1586 2596 tempus
1639 2520 1908 2574 tantum
1962 2498 2043 2575 fit
2078 2520 2702 2584 momentaneum,

961 2602 1283 2699 quodque
1321 2600 1499 2673 adeo
1523 2653 1542 2688 ‚
1599 2623 1808 2696 quum
1843 2597 2028 2672 aftio
2068 2598 2185 2671 vel
2229 2596 2443 2693 paffio
2469 2654 2488 2683 ‚
2545 2621 2702 2696 quae

958 2702 1183 2773 verbo
1248 2697 1673 2795 significatur
1705 2754 1724 2788 ,
1792 2696 1971 2793 saepe
2035 2696 2552 2794 quodammodo
2621 2695 2706 2767 fit

958 2797 1295 2868 continua
1324 2850 1345 2883 ‚
1411 2815 1529 2867 aut
1568 2820 1695 2889 per
1743 2794 2019 2891 aliquod
2063 2814 2337 2888 tempus
2386 2795 2645 2866 durans
2676 2848 2700 2884 ,

954 2891 1257 2965 Praesens
1309 2912 1584 2986 tempus
1646 2892 1825 2986 saepe
1878 2891 2131 2987 aliquid
2187 2892 2530 2966 Praeteriti
2582 2892 2707 2965 vel

955 2988 1200 3062 Futuri
1237 2988 1592 3078 includat,
1640 2991 1741 3061 uti
1776 2988 2304 3084 &praeteritum
2343 2985 2705 3085 praesent'is

959 3087 1145 3185 quid.
1243 3087 1459 3161 Hanc
1500 3086 1572 3159 in
1609 3110 1759 3159 rem
1798 3086 2069 3182 optime
2099 3088 2275 3161 mihi
2310 3085 2703 3162 observasse

956 3185 1238 3260 videtur
1261 3185 1367 3258 Cl.
1396 3185 1796 3258 Perizonius
1831 3184 1916 3257 ad
1949 3183 2208 3260 Sanc‘tii
2236 3186 2423 3259 Min.
2463 3186 2621 3259 Lib.
2645 3187 2702 3259 I.

957 3287 1130 3381 Cap.
1185 3306 1309 3378 13.
1335 3307 1495 3380 pag.
1527 3305 1648 3374 97.
1708 3285 1862 3377 quod
1891 3285 2208 3381 praesentis
2248 3289 2529 3383 temporis
2577 3309 2705 3357 mo·

880 3385 881 3390 ’
958 3395 1230 3457 mentum
1261 3384 1515 3456 habetur
1549 3399 1661 3475 pro
1711 3399 1978 3455 extremo
2005 3388 2303 3477 praeteriti
2330 3434 2353 3469 ‚
2400 3379 2483 3463 δέ’
2506 3388 2704 3476 primo

957 3485 1133 3555 initio
1141 3479 1381 3576 futuri.
1458 3480 1654 3551 Hinc
1677 3481 1826 3577 jam
1861 3482 2118 3555 merito
2149 3481 2658 3578 concludimus·

900 3593 903 3606 '
1057 3581 1112 3653 Ι.
1165 3578 1377 3683 Quod
1426 3575 1726 3652 Praesens
1780 3597 2054 3675 tempus
2095 3578 2274 3675 saepe
2324 3580 2707 3654 commode

953 3674 1039 3752 ἃ
1065 3677 1420 3773 eleganter
1456 3676 1816 3772 usurpetur
1863 3677 1953 3751 de
1989 3701 2122 3767 en,
2178 3676 2365 3774 quod
2398 3700 2570 3751 mox
2595 3676 2705 3769 fu3·
2747 3696 2753 3700 ’

954 3793 1188 3896 turum
1216 3773 1360 3872 est,
1408 3774 1527 3853 seu
1559 3772 1648 3850 de
1675 3798 1894 3875 opere
1911 3832 1936 3873 ‚
1964 3775 2147 3877 quod
2158 3775 2707 3950 Ῑᾳωωᾳίἰωυέἒ

2845 3305 2848 3418 ι

2844 3511 2847 3680 1
