2900 4829
667 423 967 494 Hebroeae
996 422 1262 517 Lingua
1306 420 1474 519 Dgff.
1520 424 1582 496 Ῑ.
1897 451 1992 523 23

230 567 444 632 mu53
497 543 751 637 Sapiens
775 545 925 613 nihil
925 542 1181 636 frustra
1197 542 1358 637 facit
1378 599 1397 632 ‚
1436 544 1711 616 Prudens
1725 558 1993 638 'tempora

234 644 525 737 obstr-vat
557 667 578 729 3
633 660 747 713 aut
764 641 1017 736 sapiens
1043 646 1341 743 praew'def
1371 643 1597 713 malum
1620 699 1640 732 ‚
1673 640 1866 737 seque
1893 654 1994 717 oc'·

234 746 452 814 cu'ltat.
554 741 774 813 Hisce
826 761 969 810 non
1017 740 1193 812 adeo
1237 740 1661 837 intendimus
1706 742 1992 838 aliquod

238 836 786 913 determinatum
852 856 1126 933 tempus
1196 839 1504 912 indicare
1540 895 1561 930 ,
1646 862 1785 936 quo
1840 839 1993 913 haee

236 936 455 1023 fiant3
506 936 645 1009 Sed
680 935 974 1031 praesens
1011 944 1291 1031 tempus·
1330 938 1463 1009 hac
1497 956 1734 1010 mente
1785 954 1992 1034 atque

234 1033 636 1106 intentione
684 1033 1018 1128 ponitur,
1074 1053 1149 1105 ut
1194 1032 1384 1106 fimul
1429 1035 1862 1129 praeteritum
1911 1034 1994 1110 δε

235 1132 547 1203 futurum
570 1129 754 1228 quasi
776 1130 1085 1203 includat
1104 1186 1123 1219 ‚
1153 1132 1358 1228 idque
1387 1156 1477 1203 eo
1495 1131 1989 1230 fignificemuS,

236 1231 390 1323 quod
412 1233 667 1320 Sapiens,
699 1245 809 1301 aut
844 1227 1370 1324 Prudensfimper
1404 1227 1488 1310 &²
1515 1233 1786 1302 continuo
1785 1229 1988 1324 facit,

235 1329 559 1420 ααι]ὸΙει;
609 1328 719 1399 vel
753 1328 906 1420 quod
921 1326 1133 1420 facit,
1173 1325 1339 1420 fecit
1374 1331 1480 1400 vel
1507 1326 1701 1413 faciet
1727 1351 1991 1420 quacun·

233 1449 342 1519 que
379 1428 527 1495 data
579 1425 884 1516 occafione.
985 1424 1258 1496 Eodem
1308 1425 1525 1497 modo
1573 1429 1854 1520 dogmds
1906 1426 1983 1500 in

232 1523 470 1595 futuro
503 1523 737 1595 dicere
768 1521 1006 1593 licebit
1026 1523 1310 1612 :sapiens
1339 1526 1699 1615 praevidehit
1725 1527 1983 1596 malum.

234 1620 402 1726 Quo
452 1622 714 1692 Futuro
767 1622 984 1692 etiam
1029 1619 1328 1692 Praesens
1375 1638 1495 1692 aut
1543 1620 1980 1693 Praeteritum

232 1741 375 1790 non
412 1717 910 1803 excluduntur,
963 1716 1064 1788 uti
1104 1716 1267 1788 alias
1301 1741 1512 1814 quum
1551 1716 1843 1792 definite
1875 1716 1979 1788 lo·

233 1816 530 1913 quimur.
582 1816 871 1887 Latinos
905 1837 1083 1886 vero
1112 1813 1252 1885 hoc
1289 1814 1448 1887 loco
1478 1815 1830 1907 interdum
1858 1813 1980 1888 suo
2061 1820 2062 1823 ’

231 1916 495 1987 Futuro
537 1913 684 2003 uti,
741 1911 1040 1986 ostendit
1078 1913 1172 1984 Cl.
1217 1912 1542 1986 Graevius
1580 1913 1692 1986 1.1.

967 2104 1027 2204 §-
1081 2108 1269 2183 xm.
1465 2118 1468 2123 ²
1540 2100 1648 2214 ἢ,

327 2303 511 2379 Haec
556 2302 748 2375 circa
789 2302 1154 2398 Tempora
1199 2302 1602 2400 Modosque
1630 2359 1651 2393 ‚
1704 2324 1986 2380 eorum·

233 2425 366 2501 que
410 2401 684 2474 varium
742 2399 933 2474 usum
978 2424 1060 2475 ac
1109 2401 1532 2495 potestatem
1577 2401 1649 2474 in
1687 2405 1982 2501 Linguis

230 2502 301 2572 in
341 2499 762 2573 anteceffum
789 2497 1178 2573 observass‘e
1216 2502 1385 2573 utile
1408 2556 1426 2587 ‚
1532 2497 1646 2570 uin
1678 2499 1826 2572 fere
1860 2524 1984 2572 ne·

230 2596 592 2670 ceffarium
647 2597 836 2671 duxi.
940 2598 1159 2670 Hisce
1205 2595 1453 2692 praemi
1508 2621 1563 2666 is
1608 2597 1727 2669 via
1775 2598 1981 2670 nobis

199 2695 555 2769 'sternitur
578 2751 597 2782 ‚
648 2717 789 2766 non
821 2694 1039 2768 solum
1077 2695 1161 2767 ad
1182 2692 1744 2768 concinnandam
1783 2717 1981 2767 com·

110 2837 125 2846 ,
226 2794 513 2866 modam
536 2794 1005 2865 Hebraeorum
1036 2792 1217 2864 inter
1237 2845 1258 2880 ‚
1287 2793 1718 2888 aliorumque
1754 2793 1976 2866 Tem-

225 2914 406 2987 pora
439 2890 1336 2986 Modosqueharmoniam:
1390 2913 1639 2963 verum
1675 2889 1867 2963 fimul
1890 2913 1983 2964 ex

227 2989 799 3077 iisdocebimur,
860 2989 1263 3061 decantatas
1296 2989 1479 3062 adeo
1533 2990 1981 3083 Temporum

227 3086 753 3182 Medorumque
775 3087 1137 3184 Enallagas
1156 3142 1176 3174 ,
1229 3087 1537 3159 maxime
1572 3086 1645 3159 in
1674 3088 1982 3161 Hebraea

226 3184 503 3281 Lingua
547 3185 944 3257 observatas
992 3240 1013 3273 ,
1082 3184 1412 3280 legitimis
1471 3184 1602 3256 suis
1653 3183 1982 3258 cancellis

229 3281 819 3358 circumscribere.
932 3360 944 3373 ,
1647 3351 1652 3359 .
1963 3361 1974 3367 ,

323 3379 726 3454 ENALLAGAE
773 3379 843 3451 in
891 3379 1296 3453 Verborum
1327 3379 1572 3454 Modis
1604 3379 1718 3452 seu
1757 3379 2349 3480 Tem-'Enanagaein

220 3477 508 3575 poribus
526 3479 852 3551 dicuntur
873 3532 894 3567 ,
946 3480 1178 3571 quando
1207 3499 1392 3551 unum
1417 3479 1678 3572 Tempus
1696 3493 1807 3549 aut
1825 3480 2284 3561 Miz-Tempori-

218 3578 338 3648 dus
360 3578 765 3664 alteriusssoco
789 3580 1038 3670 ponitur
1064 3600 1087 3664 3
1137 3593 1314 3672 atque
1346 3578 1492 3649 adeo
1513 3578 1740 3670 quando
1763 3590 1970 3648 contra
1985 3564 2087 3652 ¹³9³
2106 3561 2161 3619 &
2175 3564 2326 3653 ,ΜΦ

214 3681 549 3770 genuinam
587 3697 658 3766 ac
687 3674 1053 3775 constantem
1072 3672 1557 3773 ›potestatem-feu
1579 3673 1764 3770 'usum
1791 3698 1970 3770 regu·
1985 3637 2234 3776 ffitflffld

216 3777 300 3846 Iis
341 3776 779 3849 Grammaticis
813 3770 1193 3869 observatam
1228 3770 1313 3856 ἐξ
1338 3773 1791 3869 confirmatam,
1847 3775 1975 3845 cui-

144 3909 155 3914 ·
213 3874 361 3956 dam
401 3876 660 3972 tempori
678 3886 805 3953 aut
839 3871 1006 3952 modo
1043 3872 1302 4049 {iterius
1347 3872 1994 4040 cujmdampemporis}

1143 3990 1193 4065 4
1571 3985 1580 3991 ’
1886 3989 1966 4045 ve
