2900 4829
514 443 1786 541 ADLECTOREM.

266 647 592 733 clariori
646 643 1256 758 quodammodo
1311 643 1488 727 luci
1540 643 1640 729 fit
1706 646 2021 757 expost-

263 786 393 847 tus
459 822 490 866 ,
572 764 814 871 aequo
872 756 1195 842 Eruditi
1272 757 1631 841 Le'&0ris
1697 761 2019 870 judicio

263 874 672 988 permitto,
791 873 887 956 Si·
953 870 1173 984 quid-
1241 870 1462 956 hisce
1517 872 1710 955 meis
1770 902 2012 958 cona-

258 990 476 1072 tibus
534 983 940 1072 effecerim
994 1047 1024 1089 ‚
1121 1011 1294 1097 quo
1372 987 1460 1067 in
1529 985 2050 1095 quibusdam·

257 1101 541 1185 saltem
598 1101 890 1187 veritas
930 1098 1153 1181 Sacri
1198 1099 1302 1186 V.
1343 1097 1478 1199 T„
1501 1098 1843 1183 Codicis
1881 1102 2016 1185 vel

260 1213 698 1317 illustrata,
748 1233 890 1296 aut
929 1211 1031 1294 ab
1069 1210 1191 1294 his
1224 1211 1493 1297 illisve
1520 1207 2015 1326 παςιςμηυάαις
2133 1224 2138 1231 ’

253 1321 595 1423 liberata
634 1325 1169 1433 &vindicata
1202 1323 1302 1408 fit
1327 1388 1354 1430 ,
1410 1326 1563 1409 erit
1608 1356 1779 1438 quo
1808 1354 2009 1439 gau-

257 1441 492 1525 deam
512 1503 541 1545 ,
595 1441 947 1550 Deoque
975 1432 1064 1541 ‘123
1114 1432 1596 1540 {ammiramis
1630 1474 1722 1542 με
1736 1500 1766 1542 ‚
1825 1442 2011 1633 pai·-
2067 1518 2070 1521 ,

256 1583 421 1667 que
477 1555 627 1639 suo
682 1553 887 1635 mihi
944 1548 1325 1660 praeluxit
1374 1550 1679 1632 lumine
1722 1612 1752 1655 ‚
1868 1555 2014 1636 ub·

257 1667 551 1750 miffas·‘
586 1664 924 1748 referam
1001 1663 1293 1773 gratias
1345 1691 1365 1744 ε
1444 1688 1691 1775 quem
1749 1667 2014 1749 conti-

258 1783 437 1887 nnis
498 1801 749 1893 atque
804 1773 1266 1860 ardentibus
1321 1776 1697 1888 precibus
1754 1804 1959 1889 rogo
1984 1840 2013 1884 ,

258 1915 350 1977 ut
428 1920 572 1975 nos
648 1891 905 1975 indies
983 1888 1329 1972 crescere
1407 1912 1657 2001 atque
1728 1918 2017 2004 augere

263 2005 514 2089 faciat
572 2005 653 2086 in
711 2002 967 2088 solida
1023 2003 1285 2086 omnis
1343 2001 1770 2089 salutiferae
1855 2008 2019 2093 Ve-
2111 2068 2116 2077 ,

262 2121 525 2206 ritatis
605 2117 1076 2229 qognitione
1116 2172 1147 2217 ,
1224 2144 1488 2200 amore
1566 2125 1648 2200 ὃς
1706 2123 1937 2230 praxi
1974 2169 2016 2227 ‚3

259 2255 526 2343 utque
605 2231 824 2314 hisce
896 2228 1178 2314 diebus
1256 2228 1465 2312 hanc
1539 2229 1789 2315 fidem
1863 2234 2023 2317 suae

234 2344 649 2452 ‚Ecclefiae
726 2340 1042 2454 praestet
1100 2388 1129 2444 3
1227 2363 1324 2427 ut
1398 2342 1542 2426 lux
1616 2343 1869 2429 Lunae
1925 2345 2023 2430 fit

263 2481 652 2571 tanquam
720 2460 867 2541 lux
938 2454 1150 2541 Solis
1197 2518 1219 2551 ,
1306 2460 1388 2539 ὃς
1447 2455 1606 2538 lux·
1656 2458 1865 2542 Solis
1918 2459 2019 2542 fit

132 2583 133 2586 ‘
265 2570 642 2766 septufpla
677 2633 704 2673 ‚
760 2591 857 2653 ut
910 2568 1055 2652 lux
1113 2569 1418 2678 septem
1462 2566 1772 2653 dierum
1806 2632 1828 2665 ,
1895 2592 2017 2653 at-

268 2712 427 2794 que
517 2684 899 2767 raEturam
953 2690 1035 2765 δε
1081 2682 1297 2765 varia
1331 2682 1617 2764 sauciae
1658 2682 1813 2766 suae
1854 2685 2008 2768 Ec·

266 2796 521 2881 clefiae
560 2796 893 2883 vulnera
937 2794 1369 2880 clementer
1403 2794 1671 2878 curet!

1513 3021 1754 3114 Vale.

271 3329 537 3409 habam-

270 3462 632 3561 Langeraco
659 3473 835 3531 trans
863 3459 1145 3534 Leccam.
1250 3478 1258 3484 ·
