2900 4829
573 345 873 466 Hebraeete
913 394 1180 490 Linguae
1226 392 1394 491 Diffi
1440 357 1582 470 HJ.
1823 418 1852 471 1
1873 409 1912 492 3
1917 417 1965 489 5
2069 445 2070 450 ,

328 505 528 579 Licet
569 529 742 581 vero
783 507 1077 587 Hebraei
1113 508 1418 583 Modum
1459 508 1968 604 Imperativum
1987 530 2249 589 Futurum

244 603 608 699 agnoscant
645 661 669 696 ‚
738 606 982 704 negari
1007 611 1242 680 tamen
1273 630 1416 681 non
1466 606 1769 704 poterit,
1821 607 1972 679 He·
1990 608 2290 668 Hebraeum

244 707 450 810 bfaeos
479 699 723 799 saepius
750 703 993 778 solitos
1032 700 1170 802 effe
1202 702 1324 778 suo
1361 708 1626 778 Futuro
1663 705 1972 815 Impera·
1988 684 2308 821 ξὲωξζζέξὶ

245 800 368 871 uvi
402 801 562 872 loco
601 804 734 875 uti:
789 801 975 900 quod
1009 819 1241 877 tamen
1275 803 1484 899 plane
1517 802 1873 876 immerito
1894 801 1969 878 in
1989 779 2145 898 lodi).
2247 857 2251 862 -

243 897 714 995 Enallagarum
750 899 1142 996 catalogum
1163 899 1589 988 referretur3
1638 922 1803 975 nam
1819 899 1969 997 qui·
2345 902 2358 918 “

245 995 345 1067 vis
378 1018 532 1068 rem
564 999 742 1071 bene
764 995 1342 1093 penfitansfacile
1373 997 1552 1073 mihi
1585 1001 1972 1090 concedet,

243 1093 740 1188 Imperativum
780 1096 1084 1169 Modum
1107 1093 1224 1170 sua
1265 1115 1511 1174 natura
1544 1095 1819 1193 semper
1840 1117 1968 1168 no·

246 1189 503 1266 tionem
552 1192 607 1262 F
614 1190 795 1265 nturi
842 1191 1225 1290 Temporis
1276 1194 1673 1268 involvere.
1771 1193 1968 1266 Hinc

245 1286 694 1368 Grammatici
755 1290 1043 1381 Hebraei
1099 1293 1608 1389 imperativum
1656 1290 1965 1370 Modum

114 1481 117 1488 μ
243 1408 493 1463 vocant
530 1383 828 1462 Futurum
863 1393 1131 1483 primum
1163 1445 1186 1481 ,
1255 1389 1335 1473 δε
1366 1389 1562 1465 suum
1599 1388 1966 1485 proprium

238 1483 601 1574 Futurum,
651 1483 949 1560 Futurum
979 1489 1363 1574 Secundum3
1414 1485 1829 1560 observante
1860 1485 1966 1562 Cl.

238 1580 591 1661 Buxtorfio
642 1584 797 1657 Lib.
849 1585 903 1657 Ι.
982 1584 1196 1664 Thes.
1251 1584 1570 1660 Gramm.
1624 1584 1794 1679 Cap.
1852 1604 1966 1656 12.

239 1702 385 1775 pag.
422 1702 543 1770 92.
596 1681 765 1754 Hoc
800 1682 1318 1779 quodammodo
1365 1681 1645 1760 tolerari
1692 1677 1963 1777 pollet,

238 1776 443 1864 modo
479 1776 608 1858 ista
643 1778 925 1860 licentia
951 1805 1094 1855 non
1132 1783 1494 1860 abutamur
1519 1834 1540 1870 ,
1592 1797 1667 1856 ut
1692 1802 1784 1853 ex
1817 1801 1967 1856 om·

238 1874 427 1955 nibus
468 1876 745 1951 Futuris
785 1879 1254 1973 Imperativos
1287 1879 1598 1967 Modos,
1650 1895 1768 1951 aut
1795 1898 1970 1951 con-

218 1989 335 2056 tra
381 1997 471 2047 ex
521 1976 965 2084 imperativis
1015 2001 1148 2073 pro
1180 2000 1395 2073 ‚mero
1446 1977 1666 2053 lubitu
1714 1975 1972 2050 Futura

236 2067 563 2146 faciamus
598 2096 617 2149 :
687 2097 849 2147 nam
885 2094 1077 2158 certe
1115 2064 1327 2196 '715722'
1351 2074 1645 2172 proprie
1682 2069 1763 2148 &
1804 2093 1976 2148 vere

235 2224 638 2320 Imperativi
676 2227 887 2301 Modi
926 2226 1026 2302 est
1070 2252 1094 2315 3
1160 2243 1294 2304 nee,
1346 2224 1556 2299 facile
1600 2225 1918 2300 dederim
1949 2279 1975 2315 ,

233 2320 360 2414 nili
389 2323 762 2420 specialem
802 2326 1144 2424 quandam
1186 2328 1278 2396 ob
1298 2323 1688 2412 rationem,
1740 2324 1976 2421 Impe-

229 2421 535 2497 rativum
563 2423 837 2520 proprii
869 2422 944 2498 δε
974 2422 1299 2515 fimplicis
1320 2422 1375 2493 F
1380 2421 1563 2495 uturi
1599 2422 1833 2494 locum
1852 2422 1972 2491 oc·

170 2524 191 2549 “’
233 2538 528 2614 cupare:
577 2521 664 2612 de
697 2545 834 2619 quo
873 2520 1055 2594 infra
1096 2521 1213 2595 suo
1243 2520 1400 2592 loco
1422 2519 1794 2593 dicendum
1812 2518 1973 2591 erit.

232 2618 495 2692 Omnis·
527 2618 992 2715 imperativus
1035 2619 1299 2694 Modus
1358 2640 1529 2691 vere
1577 2614 1819 2689 Futuri
1869 2612 1972 2687 est

232 2713 667 2814 Temporis;
738 2735 810 2790 at
865 2740 1009 2791 non
1068 2735 1317 2792 contra
1359 2738 1575 2788 omne
1631 2715 1970 2799 Futurum

228 2812 648 2910 Imperando
676 2814 989 2891 inservit.
1278 2837 1293 2841 ·
1435 2868 1470 2891 .,

318 2910 600 2987 Prorsus
634 2914 1227 3009 supervacaneum
1263 2912 1448 2988 duco
1476 2967 1497 3000 ,
1548 2910 1669 2984 hie
1709 2905 1964 2983 Leao-

231 3032 389 3084 rem·
404 3012 671 3084 morari
701 3011 998 3086 citandis
1018 3029 1134 3085 aut
1151 2999 1563 3084 illustrandis
1579 3006 1966 3102 Exemplis,
2028 3054 2044 3071 ι

230 3108 340 3180 ubi
378 3111 714 3184 Futurum
733 3111 1110 3185 Hebraeum
1148 3109 1571 3205 Imperando
1595 3104 1968 3192 inserviat3

226 3204 265 3249 *l*
299 3230 511 3303 quum
552 3207 779 3282 ubivis
815 3207 1157 3305 Exempla
1201 3206 1399 3299 hujus
1447 3206 1574 3301 rei„
1597 3204 1909 3300 prostent
1941 3258 1964 3287 ‚

227 3304 538 3382 maxime
582 3329 758 3386 vero
802 3307 877 3387 in
911 3307 1103 3407 Lege
1131 3302 1519 3396 Mosaica,
1586 3302 1751 3400 quin
1784 3301 1862 3374 δε
1895 3300 1972 3372 in

482 3450 488 3455 .
662 3404 667 3413 '
1022 3476 1029 3493 .
1081 3403 1173 3485 M
1220 3424 1267 3494 5
1316 3488 1317 3499 ¹
1781 3397 1968 3493 'ipso

297 3568 334 3652 ἢ
372 3566 547 3650 Quod
575 3568 838 3641 Futurum
870 3563 1186 3659 Im'perandi
1227 3563 1358 3633 loco
1405 3565 1738 3650 usurpetur..
1786 3550 1967 3649 ‘etiam
2018 3612 2024 3617 .

225 3649 281 3706 in
309 3648 574 3708 omnibus
605 3643 724 3705 fere
756 3646 879 3704 aliis
910 3645 1138 3719 Linguis
1178 3644 1403 3701 obtinet
1431 3663 1447 3701 ε
1504 3642 1575 3700 fic
1617 3643 1827 3699 Lattnxs
1868 3638 1964 3710 usu

220 3739 505 3800 receptum
532 3723 611 3779 est
646 3766 663 3792 ,
716 3727 780 3782 ut'
804 3724 1066 3781 Futurum
1092 3718 1387 3781 Indicativ·i
1430 3717 1681 3778 secundae
1719 3714 1962 3788 personas

224 3802 373 3872 usum
411 3801 466 3859 δι
492 3801 602 3856 vim
634 3799 952 3889 Imperativi
983 3798 1071 3857 vel
1112 3796 1366 3871 Optativi
1407 3792 1687 3855 interdum
1726 3790 1960 3851 habeam

190 3962 199 3971 Ὦ
221 3892 457 3955 notante
475 3876 562 3986 (31.Ι
581 3876 881 3947 Penzonio
895 3872 965 3943 ad
979 3874 1177 3939 Sauftii
1196 3872 1346 3943 Min.
1364 3872 1491 3934 Lib.
1508 3874 1555 3932 1.
1575 3868 1648 3930 Ca
1654 3888 1708 3948 p.
1732 3884 1755 3927 1
1767 3882 1815 3938 3.
1835 3865 1887 3941 §-
1908 3882 1967 3935 2.
